3012 4842
713 422 752 485 35

161 604 307 668 voculam
330 603 419 685 ,per’,
448 603 473 665 si
492 599 721 664 instrumentali
743 600 773 663 vi
802 603 848 664 est
874 604 1038 678 exornata,
1071 603 1221 687 principio
1242 626 1318 688 prae

161 731 194 776 se
217 713 296 776 ferre
316 710 448 774 localem
466 709 668 790 potestatem,
699 712 808 770 tamen
831 708 1005 771 secundum
1027 727 1065 772 ea
1091 711 1223 792 quaein
1246 733 1319 794 pro-

161 819 263 884 oemio
291 821 365 882 sunt
390 816 544 900 exposita,
586 834 605 878 a
637 833 686 878 me
714 816 886 898 impetrare¹
910 834 975 879 non
1004 835 1147 896 possum,
1184 819 1262 900 quin
1288 823 1319 883 et

162 925 260 989 verba
290 946 328 1008 ,p.
355 925 443 988 acies'
485 926 516 988 et
558 922 797 1006 ,proscriptione’
844 921 956 1002 (durch
997 922 1046 986 die
1084 923 1218 1006 Kampsa
1252 926 1319 990 und

161 1029 344 1114 Aechtung)
365 1031 432 1114 pari
447 1030 517 1094 loco
538 1049 604 1094 esse
625 1031 726 1112 posita
748 1029 957 1106 contendam,
977 1031 1159 1110 praesertim
1181 1052 1254 1096 cum
1273 1053 1321 1097 se·

162 1158 262 1221 quens
290 1137 471 1220 exemplum
501 1136 593 1200 valde
622 1155 678 1218 pro
708 1155 758 1198 me
786 1155 940 1216 pugnare
961 1135 1121 1212 videatur3
1161 1137 1195 1214 ll,
1222 1139 1271 1216 64,
1300 1142 1320 1204 5

163 1245 294 1310 laetiore
325 1245 465 1322 Tiberio,
502 1245 577 1324 qaia
606 1259 714 1322 pacem
742 1244 904 1320 sapientia
923 1243 1129 1322 firmaverat,
1168 1265 1262 1324 arram
1291 1247 1321 1310 si

165 1352 280 1416 bellam
307 1367 338 1431 p.
361 1353 446 1414 acies
475 1351 674 1429 confecisset:
709 1367 803 1412 causa
833 1367 889 1412 eur
914 1347 1041 1412 Tacitus
1068 1349 1200 1412 scribere
1231 1369 1322 1433 prae·

162 1459 266 1524 tulerit
289 1479 327 1540 ,p.
351 1459 458 1534 acies',
488 1455 618 1520 forsitan
640 1456 671 1518 in
695 1476 732 1519 eo
753 1456 792 1518 sit
813 1456 927 1536 posita,
961 1456 1061 1536 quod,
1090 1459 1125 1519 ut
1147 1457 1321 1538 Draegerus

162 1567 196 1629 in
228 1565 433 1628 annotatione
467 1562 509 1625 ad
544 1562 649 1626 locum
682 1561 860 1642 proximum
898 1561 1068 1639 existimat,
1107 1563 1193 1625 deest
1223 1564 1324 1627 sonna

166 1672 326 1751 ,aciebus’t
356 1689 468 1733 verum
496 1672 653 1750 quantum
684 1667 812 1750 quidem
843 1667 885 1730 ad
923 1670 1116 1750 praecedens
1144 1669 1323 1752 exemplum

165 1779 290 1856 attInet,
323 1777 467 1841 ultimam
494 1775 658 1856 solamque
691 1793 762 1838 eam
788 1791 944 1837 essenon
972 1794 1063 1856 posse
1089 1774 1159 1838 ideo
1182 1779 1323 1858 apparet,

166 1885 251 1967 quod
271 1883 473 1947 libentissime
502 1881 551 1944 vel
580 1881 637 1958 ibi,
669 1880 723 1944 ubi
750 1881 832 1944 iusta
863 1882 963 1944 forma
988 1882 1140 1958 occurrit,
1174 1884 1204 1944 et
1232 1901 1323 1964 prae·

164 1991 350 2072 positionem
382 1991 413 2052 et
442 1988 616 2052 ablativum
642 2007 749 2052 casum
784 1988 865 2052 inter
898 2007 931 2051 se
968 1990 1162 2051 commutare
1194 1988 1323 2052 adamat

167 2099 286 2161 auctor.
315 2097 346 2159 h.
358 2094 465 2172 lusa,
476 2095 516 2157 10
537 2095 645 2158 domai
660 2093 852 2172 Vespasiani
875 2111 905 2174 p.
929 2092 1137 2158 adfinitatem
1159 2096 1323 2176 incasura

165 2223 194 2266 a.
216 2202 251 2279 ll,
273 2201 323 2279 43,
347 2203 366 2264 8
388 2219 418 2281 p.
442 2201 510 2281 ads.
534 2221 683 2265 coacaara
704 2199 902 2266 Gerraaaico.
931 2201 953 2278 l,
976 2202 1004 2280 3,
1027 2201 1066 2264 44
1089 2201 1271 2283 adscirique
1292 2220 1322 2282 p.

170 2306 378 2390 adoptionem
406 2343 446 2352 -
478 2309 583 2372 iussit·
632 2309 662 2370 h.
685 2307 735 2384 IV,
758 2308 807 2385 84,
831 2308 871 2372 46
897 2308 1032 2388 plurimi
1062 2307 1171 2373 Ditem
1200 2316 1324 2389 patrem

164 2415 346 2496 iasipaibas
373 2451 411 2460 -·
444 2422 500 2479 aut
533 2431 566 2494 p.
605 2411 765 2496 ambages
793 2417 966 2479 coniectari
994 2413 1072 2496 (non
1098 2415 1264 2480 modaliter
1289 2419 1325 2480 ut

165 2522 197 2585 h.
220 2521 254 2599 ll,
276 2521 306 2599 4,
325 2522 362 2597 4;
384 2543 413 2586 a.
436 2521 471 2598 Π,
493 2521 543 2598 54,
565 2523 619 2584 16;
644 2522 710 2600 ,mit
731 2521 825 2585 Hiilie
847 2522 1036 2586 kinstlicher
1053 2522 1323 2586 Combinationen’

166 2626 329 2709 Heraeus).
372 2629 410 2692 A.
434 2629 485 2706 40,
514 2629 555 2691 40
592 2631 640 2692 ati
672 2629 827 2708 plerique,
871 2629 984 2708 quibas
1019 2648 1148 2710 mappas
1180 2630 1267 2693 airas
1294 2647 1324 2710 p.

168 2731 382 2798 ambitionem
404 2738 574 2799 aestimare
598 2755 665 2798 mos
693 2741 754 2811 esi,
777 2771 816 2779 -
840 2741 1025 2814 quaererent
1044 2738 1171 2815 saraam
1199 2733 1326 2816 (mittels

167 2840 224 2904 der
244 2840 435 2922 Umgebung
456 2839 685 2920 beurtheilenlt
720 2841 923 2918 ,aestimandi
954 2859 1065 2904 vocem
1087 2841 1159 2904 alibi
1181 2842 1327 2923 componi

167 2949 223 3010 aut
256 2965 330 3009 cum
360 2947 588 3028 praepositione
625 2947 680 3024 ,ex’
716 2949 771 3010 aut
805 2947 861 3024 ,de’
897 2947 971 3010 satis
1004 2949 1141 3030 constat,
1179 2947 1252 3024 sed,
1291 2951 1328 3011 ut

167 3052 343 3134 Draegerus
374 3053 464 3133 (Hist.
486 3053 573 3134 Synt.
602 3073 632 3134 p.
657 3053 727 3130 543,
750 3052 781 3133 d)
805 3052 969 3117 nobiscum
991 3054 1216 3131 communicat,
1242 3053 1327 3118 idem

170 3160 302 3223 verbum
323 3160 355 3222 in
377 3162 526 3239 argentea
547 3159 701 3224 latinitate
729 3159 825 3223 etiam
856 3160 1027 3242 simplicem
1055 3161 1243 3238 ablativum,
1273 3160 1327 3242 qui

169 3263 301 3347 (Reissig
326 3265 346 3328 l.
376 3266 395 3328 l.
434 3286 466 3348 p.
488 3265 560 3346 648)
600 3269 682 3331 certe
709 3287 766 3350 pro
804 3267 1034 3331 instrumentali
1065 3267 1231 3331 habendus
1261 3287 1327 3330 esse

169 3372 302 3450 videtur,
324 3392 431 3454 regere
452 3372 545 3438 solet:
568 3377 760 3456 quapropter
771 3374 859 3438 facile
877 3376 923 3437 est
943 3374 1111 3451 intellectu,
1134 3394 1189 3438 cur
1200 3375 1327 3438 Tacitus

168 3479 220 3542 hic
250 3479 346 3543 talem
376 3480 643 3558 coniunctionem,
683 3481 810 3563 qualem
838 3482 902 3544 iam
932 3482 964 3545 in
991 3481 1067 3544 Livii
1098 3480 1117 3543 l.
1140 3479 1235 3557 XXII,
1257 3481 1285 3556 8,
1309 3481 1327 3543 3

169 3584 465 3664 animadvenimus‚
498 3586 639 3651 adhiberi
664 3587 814 3669 potuerit3
859 3607 887 3650 a.
908 3587 956 3664 lll,
980 3587 1027 3665 14,
1058 3587 1095 3650 13
1123 3593 1268 3666 reputate
1289 3622 1327 3630 -

171 3695 317 3773 quaesita
346 3694 411 3757 siai
437 3715 472 3774 p.
503 3693 582 3758 arab.
614 3694 724 3758 stadia
753 3693 898 3758 militari·
949 3695 971 3771 l,
1001 3695 1029 3772 7,
1051 3695 1091 3757 43
1117 3715 1149 3774 p.
1179 3695 1327 3758 aporiare

170 3795 330 3863 ambitum
359 3806 388 3863 ci
420 3801 514 3864 senili
540 3801 709 3882 adoptione
737 3802 925 3882 irrepsisse3
965 3800 1015 3877 IV,
1037 3801 1086 3878 74,
1111 3801 1148 3864 14
1171 3799 1328 3878 Seianam,

171 3907 261 3970 caias
283 3906 397 3970 darier
416 3926 615 3988 conpressas,
639 3914 732 3989 atque
754 3928 788 3972 eo
802 3929 838 3988 p.
855 3928 885 3971 a·
907 3914 936 3972 et
957 3909 1104 3972 societate
1127 3907 1330 3971 consiliorum

166 4013 365 4093 parabates,-
394 4012 471 4090 XIll,
490 4013 520 4089 6,
544 4013 582 4077 18
602 4015 632 4078 si
647 4015 855 4094 pecuniosam
877 4021 907 4078 et
925 4015 1035 4094 pratia
1056 4013 1226 4077 sabariaara
1243 4035 1278 4093 p.
1300 4035 1329 4076 a.

171 4119 338 4202 deiparat·
373 4117 441 4195 XV,
463 4119 511 4195 34,
534 4119 552 4181 7
573 4120 686 4199 plares
713 4142 745 4200 p.
775 4136 909 4186 arenam
932 4119 1110 4200 (Aultreten
1132 4120 1165 4183 in
1188 4120 1244 4184 der
1263 4120 1332 4200 Ar.)

162 4226 292 4306 foedati
330 4232 416 4292 sard,
473 4227 505 4289 h.
534 4225 583 4304 IV,
611 4228 660 4306 50,
690 4227 731 4291 40
772 4227 953 4292 discordias
982 4261 1024 4270 -
1053 4247 1134 4308 qaae
1167 4263 1204 4272 -
1234 4233 1333 4310 rapta
