3012 4842
691 427 712 494 4

123 612 266 696 aprimo
290 614 362 676 ortu
383 611 552 676 denotatur
572 613 693 688 motus,
724 631 821 694 quem
851 611 979 693 aliquia,
1009 611 1062 694 qui
1088 611 1121 678 in
1141 631 1223 692 un0,
1240 617 1288 688 ¹ut

122 720 166 784 ita
187 719 308 797 dicam,
342 721 461 801 puncto
479 718 639 798 regionem
660 717 850 798 ingreditur,
884 717 1002 782 directa
968 718 1113 784 tlinea
1140 720 1182 785 ad
1211 740 1288 784 con·

121 826 254 890 trarium
280 824 419 888 eiusdem
451 825 585 905 regionis
610 828 766 904 punctum
791 823 969 906 perficit,i
960 826 1003 888 rta
1031 828 1066 889 ut
1053 826 1167 890 ttalis
1189 827 1287 891 motio

122 932 226 996 circuli
248 931 402 996 diametro
425 933 571 994 accurate
594 930 791 1011 respondeat.
770 929 894 994 tNon
914 931 1014 995 solam
1028 933 1181 998 mansisse
1177 924 1287 998 hanc

20 1108 24 1116 ,
122 1036 267 1102 vocabuli
290 1036 368 1116 vim,
398 1037 454 1100 sed
476 1035 638 1118 multiplici
668 1037 765 1101 modo
785 1056 852 1100 esse
873 1039 1029 1110 variatam
1052 1058 1109 1120 per
1129 1059 1163 1104 se
1183 1043 1285 1122 patet:

123 1145 252 1209 omnino
275 1164 349 1207 vero
371 1143 468 1206 etiarn
496 1143 528 1206 in
554 1143 616 1207 har
643 1162 719 1206 voce
748 1143 780 1207 id
801 1144 974 1210 tenendum
1003 1145 1142 1225 videtur,
1176 1166 1287 1213 ornnes

121 1251 188 1314 illas
210 1251 374 1327 notiones,
403 1269 486 1330 quae
509 1248 709 1312 ascribuntur
730 1250 969 1331 praepositioni,
997 1271 1062 1316 non
1091 1253 1124 1317 in
1153 1273 1192 1317 ea
1218 1255 1287 1337 ipsa

121 1357 232 1434 latere,
263 1356 319 1419 sed
342 1354 478 1436 potius
471 1373 504 1417 m
533 1348 754 1419 coniunctione
782 1355 848 1418 eius
874 1375 947 1420 cum
975 1357 1042 1420 aliis
1062 1359 1166 1423 verbis
1188 1363 1286 1443 atque

121 1459 897 1542 0011111010(Ρο111...1111.1404)11001111οἰ0
897 1481 953 1526 roc.

202 1568 394 1650 Priusquam
419 1567 504 1631 ad
496 1586 599 1649 ipsam
628 1567 843 1650 exemplorum
872 1588 931 1632 con
933 1569 1073 1651 itempla'
1065 1589 1170 1636 ionem
1196 1591 1285 1637 acce·

121 1677 253 1754 darnae,
293 1674 485 1738 nonnulla
478 1693 511 1737 rn
551 1675 712 1756 prooemio
747 1678 1000 1739 commemoratu
1037 1677 1124 1741 haud
1156 1678 1286 1758 indigna

121 1783 322 1866 praemittere
350 1801 388 1845 ac
408 1780 546 1864 primum
569 1779 608 1845 de
630 1779 802 1845 vocabulis
824 1781 941 1846 vocula
960 1781 1037 1865 ,per’
1059 1781 1150 1847 fiatis
1181 1804 1285 1866 pauca

121 1890 223 1954 dicere
245 1888 357 1970 placet.
400 1887 516 1952 Omnia
542 1888 641 1952 verba
663 1889 725 1952 huc
747 1891 939 1971 spectantia,
971 1909 1055 1972 quae
1079 1893 1136 1955 aut
1156 1891 1285 1973 propria

120 1996 232 2059 Tacito
258 1997 314 2059 aut
339 1995 438 2076 poetis
471 1994 520 2058 vel
551 1999 719 2074 argenteae
746 1997 858 2060 aetatis
892 1996 1092 2078 scriptoribus
1126 1999 1201 2059 sunt
1230 1995 1284 2059 de·

120 2105 285 2184 prompta,
311 2101 362 2165 hic
389 2101 501 2165 afferre
529 2101 600 2166 ideo
620 2102 860 2185 supersedeam,
894 2104 970 2184 quia
990 2107 1021 2166 et
1043 2123 1064 2167 a
1084 2100 1285 2168 Boettichero

120 2209 154 2271 in
174 2208 263 2272 lexici
281 2228 312 2290 p.
335 2207 496 2271 349-357
533 2212 564 2272 et
595 2208 731 2290 prolegg.
760 2229 789 2290 p.
812 2210 862 2272 44.
885 2210 935 2272 46.
958 2209 1008 2274 47.
1029 2210 1079 2273 49.
1102 2210 1152 2274 51.
1173 2210 1223 2274 51.
1253 2212 1285 2273 01
1396 2278 1397 2281 ,

123 2335 143 2378 a
164 2315 324 2396 Draegero
344 2314 377 2377 in
398 2313 467 2377 libri
489 2314 596 2377 suisio
617 2314 774 2397 inscripti:
798 2315 1041 2397 ,UeberSyntax
1062 2315 1129 2379 und
1151 2314 1209 2378 Stil
1229 2315 1285 2378 des

121 2421 257 2486 'l'aeitus'
281 2441 311 2502 p.
333 2421 374 2484 96
397 2439 436 2484 00
457 2424 531 2484 sunt
552 2421 725 2502 producta:
756 2423 789 2484 at
808 2441 912 2503 pauca
932 2422 1037 2503 potius
1056 2440 1160 2502 neque
1182 2420 1285 2486 allatis

122 2529 268 2594 omnibus
290 2526 363 2590 locis
386 2526 517 2606 eligam,
548 2545 631 2608 quae
657 2527 708 2590 isti
736 2527 794 2589 viri
822 2527 870 2590 vel
891 2546 1018 2608 prorsus
1040 2528 1213 2591 omiserunt
1234 2526 1285 2590 vel

121 2635 319 2716 indiligenter
340 2632 568 2710 laudaverunt,
598 2635 630 2696 et
651 2633 754 2712 priore
775 2632 904 2714 quidem
926 2632 995 2697 loco
1016 2632 1187 2696 dicendum
1208 2633 1286 2696 mibi

121 2743 178 2806 erit

217 2845 248 2928 a)
270 2845 310 2909 de
332 2845 375 2908 eis
394 2841 521 2921 verbis,
551 2863 633 2927 quae
659 2863 731 2907 curn
757 2845 987 2926 praepositione
1015 2846 1189 2928 composita
1218 2865 1284 2910 non

122 2955 209 3038 apud
238 2951 381 3026 classicos
408 2954 552 3015 auctores
582 2950 757 3032 0011001100,
797 2951 853 3014 sed
884 2951 972 3032 apud
1006 2952 1089 3016 solos
1116 2955 1226 3034 poetas
1254 2957 1286 3018 01

120 3060 306 3145 posteriores
326 3057 542 3139 reperiuntur:
575 3055 768 3138 perdomare
791 3055 861 3136 (Ov.
885 3056 937 3138 Sil.
960 3056 1078 3122 Lucan.
1101 3059 1166 3122 Liv.
1185 3057 1284 3140 Suet.)

121 3163 1284 3244 Α.1(1,3;11.Ι,1,5)1117710111,01114713,

122 3275 172 3353 IV,
194 3276 224 3352 5,
246 3273 275 3336 6.
337 3288 510 3353 pererrare
537 3271 640 3352 (Verg.
668 3269 744 3334 Hor
772 3268 830 3334 01.
853 3270 921 3333 Val.
942 3269 985 3334 Fl
1008 3268 1093 3350 Sen)
1121 3269 1157 3334 G.
1177 3271 1228 3349 46,
1251 3273 1284 3346 8,

122 3402 151 3446 a.
170 3380 236 3458 ΧΠ,
262 3379 309 3457 13,
334 3379 387 3454 14;
416 3379 494 3456 Xlll,
516 3379 566 3455 85,
590 3379 617 3441 3.
659 3375 812 3460 perluere
842 3375 912 3459 (01.
934 3376 1012 3440 Plin.
1033 3376 1163 3440 Petron.
1184 3377 1284 3459 Apul;

122 3489 208 3572 apud
229 3485 318 3551 Caes.
348 3489 380 3550 et
404 3485 480 3549 Hor.
507 3485 610 3550 solum
634 3484 734 3567 perlui
762 3481 875 3564 exstat)
908 3484 938 3547 h.
961 3482 1011 3561 lV,
1037 3482 1158 3561 53,10.
1210 3499 1286 3566 per·

122 3593 251 3659 munire
273 3593 350 3674 (Liv.
372 3591 457 3673 lust.)
486 3591 517 3654 b.
540 3590 588 3669 ΙΙΙ,
610 3591 640 3669 9,
666 3591 698 3665 4;
732 3589 946 3666 a.11,7,1a;
990 3588 1040 3666 lV,
1061 3587 1111 3665 14,
1134 3589 1163 3652 8.
1210 3605 1286 3672 per·

188 3812 214 3881 1)
241 3809 351 3865 Tertius
373 3808 430 3863 0110
453 3807 482 3860 in
515 3807 624 3877 scriptis
655 3805 808 3860 minoribus
841 3806 976 3860 secundus
1007 3821 1137 3860 numerus
1163 3805 1199 3860 ad
1223 3821 1285 3860 eam

121 3899 253 3966 cuiusque
272 3895 372 3966 capitis
389 3895 493 3948 lineam
513 3893 609 3948 referri
627 3894 720 3960 debet,
738 3893 787 3947 ubi
805 3891 973 3962 praepositio
992 3891 1022 3944 in
1040 3891 1145 3946 Halmii
1165 3891 1284 3946 editione

121 3983 325 4047 Teubneriaua,
348 3999 432 4050 cruam
455 3981 485 4034 in
509 3979 631 4034 omnium
650 3979 777 4034 manibus
796 3978 898 4033 versari
917 3979 1050 4043 arbitror,
1075 3979 1168 4034 locum
1190 3979 1284 4032 tenet:

119 4069 149 4123 id
169 4070 242 4138 quod
260 4068 442 4138 praecedente
460 4067 565 4121 (1100110
583 4067 738 4121 faciendum
763 4065 831 4118 mihi
854 4083 911 4120 esse
936 4065 1045 4134 putavi,
1073 4081 1127 4119 non
1146 4065 1227 4118 modo
1252 4067 1285 4118 ut

121 4154 231 4208 facilius
249 4154 395 4210 evolvatur
412 4153 503 4218 loeus,
523 4154 569 4207 sed
588 4153 735 4222 praecipue
755 4153 801 4216 ut,
828 4169 891 4205 cum
909 4151 1016 4220 saepius
1033 4151 1062 4204 in
1081 4152 1176 4205 eodem
1195 4149 1285 4220 capite

121 4241 165 4295 bis
182 4243 260 4296 terve
279 4239 378 4296 vocula
395 4239 474 4294 uobis
493 4241 633 4304 occurrat,
654 4237 741 4293 omnis
759 4237 928 4308 ambiguitas
948 4237 1042 4292 statim
1062 4236 1191 4292 evitetur.
