3012 4842
776 459 795 525 3

10 675 13 681 ·
172 659 175 664 ·
229 657 231 660 ·
283 641 326 706 Ut
344 629 481 706 breviter
499 639 668 721 attingam,
697 636 903 720 quaeratione
922 635 1086 702 materiem
1109 637 1198 703 haud
1219 639 1365 721 exiguam

199 747 425 831 disposuerim,
444 766 515 812 eam
538 746 657 828 optime
677 747 722 810 ita
741 744 873 809 discerni
892 745 1084 823 existimavi,
1110 748 1147 810 ut
1166 746 1304 828 primum
1325 745 1366 813 de

200 855 301 934 locali,
324 853 438 920 deinde
454 855 493 918 de
513 852 686 936 temporali,
708 854 869 936 postremo
891 852 931 916 de
952 853 1107 917 translata
1120 852 1366 935 praepositionis

200 941 346 1040 notione,
387 937 486 1044 quain
507 959 626 1044 ..denuo
655 963 687 1023 et
720 958 753 1023 in
779 958 1051 1023 instrumentalem
1085 962 1119 1023 et
1145 958 1306 1034 medalem
1334 963 1366 1024 et

201 1067 359 1132 causalem
380 1067 485 1147 divisi,
516 1059 660 1131 adductis
690 1065 837 1130 omnibus
862 1064 936 1130 locis
966 1084 1071 1146 agam.
1118 1065 1270 1149 Exempla
1290 1086 1366 1131 vem

199 1173 395 1256 singularum
408 1173 564 1257 ,partium
594 1175 650 1237 aut
677 1191 735 1254 pro
771 1188 904 1236 munere
937 1190 993 1255 per
1025 1171 1188 1236 literarum
1221 1172 1366 1236 ordinem

199 1279 386 1363 plerumque
408 1297 594 1361 congeram,
622 1282 693 1356 eut,
721 1278 777 1342 ubi
797 1277 909 1355 melius
934 1278 1108 1357 videbitur,
1135 1279 1248 1344 eadem
1266 1277 1365 1343 verba
1394 1363 1396 1366 Ι

198 1387 249 1450 vel
269 1381 382 1452 similia
403 1405 476 1452 cum
497 1385 649 1450 similibus
670 1385 901 1466 componendo,
924 1388 981 1450 aut
1001 1385 1138 1466 denique
1156 1383 1365 1467 persingulas

185 1492 311 1571 libros,
331 1512 396 1575 quo
416 1493 526 1557 ordine
548 1492 695 1573 deinceps
718 1509 738 1555 a
759 1490 869 1556 Tacito
890 1493 964 1554 sunt
985 1491 1159 1574 conscripti.

281 1598 328 1663 De
350 1598 594 1679 significatione,
627 1615 710 1680 quae
737 1597 819 1661 inest
846 1596 1084 1679 praepositioni,
1122 1597 1154 1660 in
1183 1597 1364 1662 universum

199 1719 303 1786 pauca
316 1703 474 1769 modchic
493 1707 693 1781 moneantur,
716 1702 792 1785 quia
808 1701 932 1783 singula
948 1703 981 1766 in
994 1703 1123 1784 singulis
1139 1703 1366 1784 perlustrandis
1429 1717 1433 1728 ·

200 1810 377 1874 accuratius
410 1812 504 1875 erunt
534 1808 732 1892 exponenda.
786 1806 859 1884 Qua
897 1808 938 1872 de
972 1808 1090 1889 origine
1121 1808 1296 1873 derivanda
1325 1809 1365 1873 sit

199 1916 333 1994 vocula,
362 1915 414 1979 hic
437 1915 566 1998 quidem
594 1934 633 1978 eo
660 1915 766 1978 minus
792 1928 994 1996 quaeramus·
1008 1914 1183 1996 oportebit,
1216 1915 1303 1998 quod
1324 1913 1365 1979 de

135 2036 139 2043 ·
199 2022 292 2086 unius
318 2021 475 2104 scriptoris
507 2041 567 2086 usu
603 2040 696 2103 agere
724 2020 815 2084 nobis
852 2023 899 2085 est
930 2021 1143 2106 propositum:
1180 2039 1291 2085 verum
1323 2039 1364 2084 ne

197 2145 324 2209 prorsus
344 2127 467 2192 silentio
489 2128 677 2208 oblegamus
698 2127 782 2192 hanc
802 2127 1037 2209 quaestionem,
1063 2127 1152 2209 quasi
1173 2125 1364 2210 praeteriens

198 2232 351 2297 nonnulla
372 2251 563 2298 memorasse
584 2234 659 2298 satis
678 2234 829 2316 habeam.
870 2232 993 2298 P'ottius
1021 2234 1106 2297 enim
1134 2235 1167 2297 in
1197 2234 1278 2298 libro
1305 2253 1363 2298 suo

197 2340 240 2404 sic
261 2339 425 2423 inscripto:
469 2339 728 2422 ,Etyrnologische
750 2340 982 2422 Forschungen’
1005 2340 1033 2403 ll
1054 2360 1084 2423 p.
1105 2339 1166 2404 lor
1196 2340 1364 2406 rectissime

198 2447 390 2510 contendere
411 2445 488 2510 mihi
508 2445 648 2524 videtur,
671 2446 950 2529 praepositionem,
973 2450 1083 2529 utpote
1106 2466 1188 2530 quae
1209 2465 1267 2529 pro
1288 2464 1363 2538 casu

197 2549 339 2634 quodam
370 2551 516 2616 vocabuli
555 2556 665 2634 postea
705 2556 871 2635 amputato
910 2555 1055 2636 primitus
1092 2551 1203 2618 haberi
1237 2551 1362 2630 debeat,

196 2659 386 2740 respondere
407 2658 510 2724 indico
532 2659 674 2722 neutrius
696 2659 819 2741 generis
840 2661 1019 2725 accusativo
1040 2679 1168 2744 para-m
1189 2661 1208 2724 i.
1221 2679 1247 2724 e·
1265 2660 1362 2739 aliud,

199 2783 337 2847 quacum
359 2783 393 2828 re
414 2784 452 2828 ea
473 2783 552 2843 vox,
582 2784 664 2848 quac
691 2766 723 2829 in
747 2767 859 2830 tabula
886 2767 1024 2832 Bantina
1051 2767 1220 2849 reperitur:
1249 2786 1362 2849 perum

197 2867 352 2952 (τρεῖ),
391 2871 514 2952 egregie
547 2872 708 2952 congruit3
745 2892 850 2954 neque
880 2871 1006 2937 Curtius
1016 2870 1039 2953 ¹)
1071 2873 1168 2937 aliam
1197 2873 1362 2956 profitetur

196 2971 403 3053 sententiam,
436 2995 511 3042 cum
538 2977 653 3055 verba,
684 2981 870 3060 quaesunt
896 2978 1038 3044 eiusdem
1067 2979 1194 3060 originis
1221 2978 1362 3042 indicum

195 3101 309 3164 param
331 3081 459 3162 (ultra),
486 3101 634 3164 graecum
658 3081 768 3164 παρά,
797 3085 935 3150 oscicum
955 3104 1087 3167 perum,
1116 3089 1201 3150 arcte
1222 3085 1304 3148 inter
1327 3102 1361 3148 se

196 3187 375 3269 coniungat.
418 3188 563 3252 Priorum
595 3189 725 3270 quidem
756 3193 936 3273 temporum
965 3192 1134 3274 etymologi
1155 3191 1302 3256 voculam
1322 3209 1362 3254 ex

196 3293 308 3358 eadem
329 3294 434 3359 radice
463 3313 501 3359 ac
527 3313 676 3376 graecum
706 3302 785 3378 περί
810 3298 965 3363 deducere
993 3300 1099 3363 conati
1125 3302 1216 3376 sunt,
1249 3317 1361 3362 verum

195 3399 317 3464 Pettius
353 3400 535 3482 opinionem
573 3420 700 3481 eorum,
739 3422 937 3486 quamquam
972 3408 1107 3486 utraque
1147 3424 1209 3468 vox
1244 3405 1361 3487 pariter

195 3505 323 3570 inservit
341 3505 519 3586 gradationi
541 3506 579 3588 (e.
597 3527 626 3588 g.
644 3507 834 3588 περίγλυκυς
853 3509 1036 3592 perdulcis),
1058 3510 1128 3575 ideo
1148 3511 1213 3576 iam
1233 3511 1359 3588 refutat,

196 3611 283 3692 quod
302 3611 544 3691 significationes
566 3617 633 3678 toto
655 3634 769 3696 genere
791 3615 854 3679 sint
882 3617 1032 3682 diversae.
1078 3618 1122 3682 At
1143 3619 1306 3699 utcunque
1326 3637 1360 3681 se

194 3735 243 3780 res
274 3717 388 3796 habet,
425 3718 457 3783 id
488 3723 573 3783 certe
604 3720 740 3786 dubitari
773 3722 897 3804 nequit,
938 3723 1015 3804 quin
1050 3723 1130 3787 sicut
1159 3741 1270 3787 omnes
1295 3723 1359 3787 lere

185 3823 439 3904 praepositiones
466 3825 545 3889 haec
574 3845 703 3909 quoque
731 3828 883 3910 principio
909 3828 943 3893 in
963 3848 996 3892 se
1018 3829 1207 3893 continuerit
1226 3827 1359 3893 localem

193 3928 374 4007 notionem,
413 3950 514 4012 quae,
550 3935 587 4002 ut
619 3951 658 3996 ex
692 3933 918 4014 compositione
955 3953 1029 3998 cum
1065 3934 1244 4000 accusativo
1283 3953 1359 3999 casu

194 4029 340 4099 distincte
361 4036 558 4119 perspicitur,
594 4041 719 4102 motum
739 4038 878 4121 aliquem
899 4040 1059 4123 exprimit:
1087 4037 1119 4104 el
1140 4037 1210 4105 talis
1230 4040 1359 4123 quidem

262 4275 289 4347 1)
305 4275 472 4348 Grundzilge
490 4277 538 4332 der
556 4278 659 4349 griech.
677 4279 860 4352 Etymologie.
878 4283 903 4336 4.
922 4281 986 4336 aufl.
1005 4299 1032 4352 p.
1050 4283 1109 4339 269.

1214 4382 1228 4434 1
1237 4379 1251 4411 1
