3012 4842
730 413 779 479 -15

181 597 230 663 cui
244 595 464 662 Boettieherus
477 593 496 660 l.
511 594 530 658 l.
546 615 578 676 p.
588 593 648 657 160
668 593 747 658 falso
767 593 917 676 supponit
937 613 1066 660 sensmn
1087 595 1175 660 uerbi
1199 594 1346 674 ‘hostilisss

182 723 221 767 ex
252 702 311 779 eis,
345 719 428 783 quae
455 700 664 782 praecedunt:
702 700 812 782 ‘specie
844 701 902 764 sibi
935 700 1012 765 illud
1044 702 1103 765 iter
1134 703 1346 784 expedientis,

181 808 374 873 ‘vocabulum
405 807 498 884 iter,
530 826 596 870 non
630 807 748 888 pons,
788 826 872 888 quae
900 809 947 872 est
978 819 1127 890 perversa
1158 809 1348 874 Boetticheri

182 915 301 998 opinio,
325 917 432 977 mente
452 912 526 976 addi
548 913 676 994 poterit:
711 913 767 977 sed
787 914 893 978 nescio
914 932 957 977 an
977 913 1089 978 melius
1111 915 1269 980 habeatur
1287 935 1349 980 vox

183 1041 241 1104 pro
263 1020 417 1085 adiectivo
437 1023 554 1084 neutro
576 1018 764 1082 substantivi
786 1019 889 1082 vicem
908 1021 1051 1099 tenente,
1073 1022 1221 1102 quando,
1250 1042 1348 1104 quam

184 1127 247 1190 late
268 1125 397 1191 Tacitus
425 1145 501 1190 usus
528 1127 568 1189 sit
604 1123 783 1189 huiusmodi
816 1125 975 1190 adiectivis
1007 1126 1106 1190 immo
1145 1129 1240 1190 etiam
1276 1147 1350 1192 cum

182 1233 465 1316 praepositionibus
487 1231 680 1309 coniunctim
708 1232 784 1294 satis
804 1234 851 1294 est
871 1235 994 1296 notum.
1041 1232 1164 1324 ¹Vocula
1185 1252 1349 1316 perraro,

183 1343 220 1403 ut
241 1339 272 1403 id
296 1339 404 1404 statim
425 1355 690 1414 commemorem,
720 1336 811 1401 locali
836 1356 933 1402 sensu
960 1357 1034 1402 cum
1063 1337 1118 1401 tali
1144 1338 1295 1419 singulari
1317 1340 1350 1403 in

183 1446 254 1510 solis
276 1464 350 1510 ann.
380 1443 442 1524 (IV,
462 1443 503 1507 61
531 1464 562 1526 p.
583 1438 720 1510 solidum
750 1447 781 1508 et
809 1443 841 1506 lr.
863 1441 896 1524 l.)
925 1444 1107 1526 copulatur,
1143 1445 1198 1508 ubi
1219 1446 1350 1510 omnino

184 1552 340 1616 adiectiva
362 1553 476 1614 neutra
497 1549 625 1632 pluralis
644 1550 768 1614 numeri
790 1549 891 1614 multo
913 1551 1050 1614 crebrius
1070 1570 1144 1616 oum
1171 1551 1234 1617 hac
1260 1571 1351 1634 prae-

185 1658 338 1740 positione
362 1657 583 1721 consociantur
606 1675 704 1738 quam
726 1656 758 1719 in
779 1655 866 1731 hist.;
903 1655 934 1719 h.
956 1655 991 1734 ll,
1003 1657 1053 1733 85,
1077 1657 1115 1720 15
1139 1655 1292 1722 Iulianus
1313 1693 1354 1702 -

181 1785 215 1844 p.
236 1765 311 1828 uria
334 1763 479 1830 Moesiae
507 1763 596 1826 ultra
625 1769 759 1827 montem
782 1762 941 1827 Haemum
965 1763 1132 1846 profupit3
1164 1764 1214 1842 ΠΙ,
1236 1765 1287 1842 69,
1310 1765 1350 1828 13

186 1873 283 1936 missa
299 1892 334 1952 p.
357 1859 497 1952 areptecta
526 1870 570 1935 ad
592 1869 777 1935 ,Flauianos
803 1869 899 1936 duces
927 1872 1039 1935 nuntio
1067 1869 1182 1952 (durch
1207 1871 1258 1938 die
1284 1891 1353 1936 ver-

184 1978 395 2060 nachlissigte
415 1977 434 2041 i.
454 1997 482 2040 e.
513 1995 577 2064 von
603 1976 665 2060 den
691 1976 832 2060 Feinden
862 1977 1117 2042 unbeobachtete
1139 1976 1249 2057 Seite);
1282 1978 1353 2056 al,

185 2085 277 2162 68,3
309 2085 522 2148 Arminio-
553 2103 755 2165 opressasqua
786 2103 917 2148 rursum
943 2104 978 2165 p.
1006 2084 1117 2148 umida
1148 2091 1177 2149 et
1206 2085 1352 2166 inpedita

189 2192 449 2255 circumvenirent
468 2189 639 2268 suadente,·
659 2189 694 2266 Π,
720 2190 768 2267 13,
794 2191 808 2253 1
832 2209 979 2270 epressus
1000 2191 1153 2272 peperoli
1169 2213 1205 2271 p.
1228 2193 1355 2258 occulto

187 2305 215 2363 at
237 2297 390 2380 vtptttbus
412 2299 529 2378 iprrura
552 2331 592 2340 -
615 2296 686 2360 adit
706 2303 884 2361 castrorum
904 2298 990 2376 uiua·
1025 2297 1075 2375 IV,
1096 2298 1147 2374 45,
1169 2299 1188 2361 6
1219 2298 1352 2364 dimisso

187 2425 267 2486 equa
284 2426 317 2484 p.
338 2405 476 2484 derupta
496 2410 525 2468 et
547 2405 623 2467 ania
646 2405 805 2483 sequentis
816 2404 1006 2484 frustratus
1027 2411 1087 2484 est,·
1107 2405 1157 2482 Vl,
1168 2405 1251 2482 17,3
1274 2407 1352 2470 is-

184 2533 218 2592 p.
239 2513 315 2575 ania
338 2531 375 2574 uc
399 2511 536 2590 derupta
558 2543 597 2554 -
613 2509 766 2589 praeibat
787 2530 866 2574 eum.
898 2543 938 2554 -·
967 2509 1023 2573 His
1044 2510 1118 2574 locis
1139 2530 1204 2574 non
1224 2531 1354 2594 possum

188 2637 253 2681 non
275 2618 448 2700 adiungere
469 2617 530 2680 tria
546 2616 626 2681 haec
647 2616 800 2698 exempla,
822 2616 988 2698 inquibus
1008 2618 1197 2698 praepositio
1218 2619 1355 2684 eandem

188 2725 253 2788 vim
273 2724 407 2788 obtinet:
429 2723 461 2786 h.
482 2722 532 2800 IV,
557 2724 604 2800 11,
630 2723 668 2786 16
687 2723 761 2795 fuso
780 2741 814 2802 p.
836 2742 933 2786 aenas
955 2724 1128 2803 sanpninc;
1147 2742 1177 2786 a.
1199 2724 1249 2800 Vl,
1266 2725 1355 2803 35,1

190 2831 385 2910 Poemenius
412 2829 519 2894 Labeo
555 2864 585 2874 -
611 2849 645 2909 p.
676 2828 833 2909 abruptas
866 2849 964 2893 uenas
997 2830 1184 2910 sanquinem
1221 2831 1355 2912 effudit‚·

189 2937 268 3015 XIII,
290 2937 340 3014 30,
360 2939 380 3001 8
402 2938 564 3001 cruciatus
588 2956 704 3017 oeprae
729 2942 871 3000 senectae
892 2937 1006 3000 emisso
1027 2957 1057 3016 p.
1080 2956 1178 3001 aenas
1198 2920 1356 3018 sanquine

118 3086 121 3094 ·
191 3043 318 3125 effupit:
358 3042 502 3106 Halmius
526 3042 577 3106 hio
604 3061 704 3124 aeque
730 3059 768 3106 ao
793 3042 950 3121 Ritterus²
986 3041 1106 3106 Heinsii
1133 3043 1355 3122 coniecturam,

192 3169 274 3231 quae
296 3151 344 3212 est
366 3147 514 3226 emisso,
545 3167 604 3229 pro
630 3147 746 3211 tradita
774 3147 908 3212 lectione
928 3147 1039 3224 ‘misso’
1062 3147 1095 3211 in
1117 3151 1239 3213 textum
1261 3169 1357 3232 quem

191 3259 307 3320 vocant
327 3254 459 3336 recepit:
494 3254 550 3318 sed
574 3254 721 3335 equidem
750 3273 880 3318 oausam
908 3273 974 3317 non
1000 3253 1108 3330 videm
1141 3274 1197 3320 cur
1217 3255 1265 3334 ei,
1300 3256 1357 3321 etsi

191 3363 345 3444 scriptura
367 3359 462 3424 facilis
484 3363 531 3424 est
552 3360 724 3442 explicatu,
746 3361 887 3424 assentiri
909 3379 1070 3440 cogamur.

258 3463 309 3531 'ln
337 3467 402 3531 fine
429 3465 523 3530 huius
548 3465 719 3547 particulae
752 3469 889 3548 quatuor
924 3466 1008 3531 locos
1036 3485 1154 3548 ponere
1183 3467 1291 3546 liceat,
1325 3470 1358 3532 in

193 3575 307 3656 quibus
340 3574 468 3655 propter
496 3590 653 3636 conexum
690 3571 879 3654 praepositio
909 3572 1009 3652 magis
1041 3573 1211 3655 respondet
1247 3576 1356 3638 nostro

195 3678 309 3760 litus,
331 3677 468 3758 entlang'
496 3697 594 3760 quam
619 3678 814 3756 ‘hinduroh’z
843 3678 875 3741 h.
896 3677 945 3755 HI,
968 3679 1017 3756 11,
1043 3679 1076 3741 11
1109 3679 1222 3744 deutra
1246 3686 1359 3744 octana

187 3805 223 3866 p.
253 3771 399 3864 apertum
429 3785 572 3863 limitem,
607 3804 680 3849 maa
712 3784 808 3848 tertia
841 3784 950 3849 densis
978 3784 1122 3850 arbustis
1140 3786 1355 3866 intersaeptu;

193 3891 243 3969 41,
266 3891 286 3954 1
308 3891 434 3956 admoto
454 3893 594 3958 ‹nercitu
614 3897 644 3956 et
664 3891 773 3954 missis
791 3910 823 3970 p.
841 3891 993 3970 proximo
1016 3890 1146 3955 titarnm
1154 3890 1358 3976 Liburnium

194 3997 243 4075 lV,
265 3999 316 4075 m,
337 3998 359 4061 4
379 3998 474 4062 tectas
495 4020 511 4062 c
534 3997 709 4079 tepionibus
731 3996 838 4060 Dillio
857 4031 895 4040 -
918 3997 1036 4075 tradit,
1069 4003 1104 4062 nt
1136 4017 1231 4076 qnam
1258 4001 1361 4063 maui-

194 4104 256 4168 mis
279 4125 316 4191 p.
344 4105 452 4183 ripam
478 4103 649 4168 itineribus
674 4104 827 4168 estuaret
855 4100 905 4183 (ct.
929 4122 955 4168 c.
978 4103 1027 4181 16,
1048 4102 1070 4165 4
1098 4103 1238 4168 eiusdem
1260 4103 1353 4188 libri);
