<?xml version="1.0" encoding="UTF-8"?>
<!DOCTYPE html PUBLIC "-//W3C//DTD XHTML 1.0 Transitional//EN"
    "http://www.w3.org/TR/xhtml1/DTD/xhtml1-transitional.dtd">
<html xmlns="http://www.w3.org/1999/xhtml" xml:lang="en" lang="en">
 <head>
  <title>
</title>
<meta http-equiv="Content-Type" content="text/html;charset=utf-8" />
  <meta name='ocr-system' content='tesseract 3.04.00' />
  <meta name='ocr-capabilities' content='ocr_page ocr_carea ocr_par ocr_line ocrx_word'/>
</head>
<body>
  <div class='ocr_page' id='page_1' title='image "./depraepositioni00hensgoog_0009.png"; bbox 0 0 3012 4842; ppageno 0'>
   <div class='ocr_carea' id='block_1_1' title="bbox 711 375 730 441">
    <p class='ocr_par' dir='ltr' id='par_1_1' title="bbox 711 375 730 441">
     <span class='ocr_line' id='line_1_1' title="bbox 711 375 730 441; baseline 0 0"><span class='ocrx_word' id='word_1_1' title='bbox 711 375 730 441; x_wconf 71' lang='grc'><strong>8</strong></span> 
     </span>
    </p>
   </div>
   <div class='ocr_carea' id='block_1_2' title="bbox 140 555 1397 3721">
    <p class='ocr_par' dir='ltr' id='par_1_2' title="bbox 140 555 1397 3721">
     <span class='ocr_line' id='line_1_2' title="bbox 140 555 1306 638; baseline 0.001 -16"><span class='ocrx_word' id='word_1_2' title='bbox 140 555 180 622; x_wconf 89' lang='lat' dir='ltr'>ist</span> <span class='ocrx_word' id='word_1_3' title='bbox 198 577 275 624; x_wconf 91' lang='lat' dir='ltr'>man</span> <span class='ocrx_word' id='word_1_4' title='bbox 296 579 334 624; x_wconf 87' lang='lat' dir='ltr'>zu</span> <span class='ocrx_word' id='word_1_5' title='bbox 355 557 411 622; x_wconf 91' lang='lat' dir='ltr'>der</span> <span class='ocrx_word' id='word_1_6' title='bbox 432 557 564 622; x_wconf 86' lang='lat' dir='ltr'>einsicht</span> <span class='ocrx_word' id='word_1_7' title='bbox 584 557 789 638; x_wconf 82' lang='lat' dir='ltr'>gelrommen‚</span> <span class='ocrx_word' id='word_1_8' title='bbox 816 556 888 621; x_wconf 89' lang='lat' dir='ltr'>dass</span> <span class='ocrx_word' id='word_1_9' title='bbox 910 577 986 622; x_wconf 90' lang='lat' dir='ltr'>man</span> <span class='ocrx_word' id='word_1_10' title='bbox 1008 577 1047 622; x_wconf 89' lang='lat' dir='ltr'>zu</span> <span class='ocrx_word' id='word_1_11' title='bbox 1068 558 1124 621; x_wconf 89' lang='lat' dir='ltr'>der</span> <span class='ocrx_word' id='word_1_12' title='bbox 1142 557 1306 623; x_wconf 88' lang='lat' dir='ltr'>kenntniss</span> 
     </span>
     <span class='ocr_line' id='line_1_3' title="bbox 141 663 1305 746; baseline 0.001 -18"><span class='ocrx_word' id='word_1_13' title='bbox 141 665 197 728; x_wconf 89' lang='lat' dir='ltr'>des</span> <span class='ocrx_word' id='word_1_14' title='bbox 239 663 446 746; x_wconf 81' lang='lat' dir='ltr'>allgemeinen</span> <span class='ocrx_word' id='word_1_15' title='bbox 481 664 693 744; x_wconf 84' lang='lat' dir='ltr'>nothwendig·</span> <span class='ocrx_word' id='word_1_16' title='bbox 725 664 826 727; x_wconf 85' lang='lat' dir='ltr'><strong>durch</strong></span> <span class='ocrx_word' id='word_1_17' title='bbox 861 663 918 727; x_wconf 91' lang='lat' dir='ltr'>das</span> <span class='ocrx_word' id='word_1_18' title='bbox 956 665 1094 729; x_wconf 87' lang='lat' dir='ltr'>einzelne</span> <span class='ocrx_word' id='word_1_19' title='bbox 1130 665 1305 746; x_wconf 81' lang='lat' dir='ltr'>auisteigen</span> 
     </span>
     <span class='ocr_line' id='line_1_4' title="bbox 142 769 1306 847; baseline 0.003 -14"><span class='ocrx_word' id='word_1_20' title='bbox 142 775 262 847; x_wconf 89' lang='lat' dir='ltr'>miisse,</span> <span class='ocrx_word' id='word_1_21' title='bbox 293 770 367 834; x_wconf 90' lang='lat' dir='ltr'>dass</span> <span class='ocrx_word' id='word_1_22' title='bbox 388 789 421 833; x_wconf 78' lang='lat' dir='ltr'>es</span> <span class='ocrx_word' id='word_1_23' title='bbox 443 769 508 834; x_wconf 92' lang='lat' dir='ltr'>also</span> <span class='ocrx_word' id='word_1_24' title='bbox 530 769 783 833; x_wconf 87' lang='lat' dir='ltr'>verdienstlicher</span> <span class='ocrx_word' id='word_1_25' title='bbox 805 770 865 846; x_wconf 89' lang='lat' dir='ltr'>sei,</span> <span class='ocrx_word' id='word_1_26' title='bbox 893 770 1033 833; x_wconf 89' lang='lat' dir='ltr'>einzelne</span> <span class='ocrx_word' id='word_1_27' title='bbox 1055 769 1149 834; x_wconf 89' lang='lat' dir='ltr'>theile</span> <span class='ocrx_word' id='word_1_28' title='bbox 1172 771 1228 834; x_wconf 93' lang='lat' dir='ltr'>mit</span> <span class='ocrx_word' id='word_1_29' title='bbox 1249 771 1306 836; x_wconf 87' lang='lat' dir='ltr'>der</span> 
     </span>
     <span class='ocr_line' id='line_1_5' title="bbox 140 875 1307 957; baseline 0.001 -17"><span class='ocrx_word' id='word_1_30' title='bbox 140 875 392 956; x_wconf 75' lang='lat' dir='ltr'>volutandigkeu</span> <span class='ocrx_word' id='word_1_31' title='bbox 424 876 534 939; x_wconf 91' lang='lat' dir='ltr'>soweit</span> <span class='ocrx_word' id='word_1_32' title='bbox 562 877 606 940; x_wconf 89' lang='lat' dir='ltr'>sie</span> <span class='ocrx_word' id='word_1_33' title='bbox 638 875 791 957; x_wconf 87' lang='lat' dir='ltr'>jedesmal</span> <span class='ocrx_word' id='word_1_34' title='bbox 829 875 1036 956; x_wconf 79' lang='lat' dir='ltr'>nothwendig</span> <span class='ocrx_word' id='word_1_35' title='bbox 1076 876 1232 940; x_wconf 85' lang='lat' dir='ltr'>crscheint</span> <span class='ocrx_word' id='word_1_36' title='bbox 1268 897 1307 942; x_wconf 90' lang='lat' dir='ltr'>zu</span> 
     </span>
     <span class='ocr_line' id='line_1_6' title="bbox 142 980 1307 1064; baseline 0.001 -18"><span class='ocrx_word' id='word_1_37' title='bbox 142 981 332 1060; x_wconf 88' lang='lat' dir='ltr'>bearbeiten,</span> <span class='ocrx_word' id='word_1_38' title='bbox 355 1001 410 1045; x_wconf 92' lang='lat' dir='ltr'>um</span> <span class='ocrx_word' id='word_1_39' title='bbox 429 982 479 1045; x_wconf 90' lang='lat' dir='ltr'>die</span> <span class='ocrx_word' id='word_1_40' title='bbox 494 981 593 1046; x_wconf 87' lang='lat' dir='ltr'>festen</span> <span class='ocrx_word' id='word_1_41' title='bbox 615 982 681 1045; x_wconf 90' lang='lat' dir='ltr'>und</span> <span class='ocrx_word' id='word_1_42' title='bbox 703 981 736 1045; x_wconf 91' lang='lat' dir='ltr'>in</span> <span class='ocrx_word' id='word_1_43' title='bbox 757 980 813 1044; x_wconf 88' lang='lat' dir='ltr'>der</span> <span class='ocrx_word' id='word_1_44' title='bbox 833 982 914 1045; x_wconf 86' lang='lat' dir='ltr'>form</span> <span class='ocrx_word' id='word_1_45' title='bbox 938 981 1126 1046; x_wconf 76' lang='lat' dir='ltr'>anntthemd</span> <span class='ocrx_word' id='word_1_46' title='bbox 1142 982 1307 1064; x_wconf 78' lang='lat' dir='ltr'>endgiiltig</span> 
     </span>
     <span class='ocr_line' id='line_1_7' title="bbox 141 1086 1307 1170; baseline 0.002 -18"><span class='ocrx_word' id='word_1_47' title='bbox 141 1089 349 1168; x_wconf 85' lang='lat' dir='ltr'>zugehaunen</span> <span class='ocrx_word' id='word_1_48' title='bbox 371 1088 535 1152; x_wconf 89' lang='lat' dir='ltr'>bausteine</span> <span class='ocrx_word' id='word_1_49' title='bbox 557 1107 595 1152; x_wconf 88' lang='lat' dir='ltr'>zu</span> <span class='ocrx_word' id='word_1_50' title='bbox 615 1087 799 1169; x_wconf 85' lang='lat' dir='ltr'>gewinnen,</span> <span class='ocrx_word' id='word_1_51' title='bbox 831 1086 881 1150; x_wconf 89' lang='lat' dir='ltr'>die</span> <span class='ocrx_word' id='word_1_52' title='bbox 909 1088 960 1151; x_wconf 90' lang='lat' dir='ltr'>ein</span> <span class='ocrx_word' id='word_1_53' title='bbox 980 1091 1122 1170; x_wconf 76' lang='lat' dir='ltr'>spaterer</span> <span class='ocrx_word' id='word_1_54' title='bbox 1143 1108 1181 1152; x_wconf 84' lang='lat' dir='ltr'>zu</span> <span class='ocrx_word' id='word_1_55' title='bbox 1202 1090 1307 1154; x_wconf 89' lang='lat' dir='ltr'>einem</span> 
     </span>
     <span class='ocr_line' id='line_1_8' title="bbox 141 1193 1308 1275; baseline 0.003 -17"><span class='ocrx_word' id='word_1_56' title='bbox 141 1213 269 1275; x_wconf 86' lang='lat' dir='ltr'>grossen</span> <span class='ocrx_word' id='word_1_57' title='bbox 291 1195 355 1257; x_wconf 91' lang='lat' dir='ltr'>bau</span> <span class='ocrx_word' id='word_1_58' title='bbox 375 1194 553 1273; x_wconf 82' lang='lat' dir='ltr'>vereinigen</span> <span class='ocrx_word' id='word_1_59' title='bbox 574 1193 642 1257; x_wconf 93' lang='lat' dir='ltr'>und</span> <span class='ocrx_word' id='word_1_60' title='bbox 661 1212 704 1258; x_wconf 85' lang='lat' dir='ltr'>an</span> <span class='ocrx_word' id='word_1_61' title='bbox 720 1193 824 1257; x_wconf 84' lang='lat' dir='ltr'>denen</span> <span class='ocrx_word' id='word_1_62' title='bbox 839 1193 923 1256; x_wconf 90' lang='lat' dir='ltr'>noch</span> <span class='ocrx_word' id='word_1_63' title='bbox 944 1193 1308 1264; x_wconf 72' lang='lat' dir='ltr'>zahlreicheybildhauer</span> 
     </span>
     <span class='ocr_line' id='line_1_9' title="bbox 142 1298 1308 1380; baseline 0.005 -16"><span class='ocrx_word' id='word_1_64' title='bbox 142 1300 192 1364; x_wconf 90' lang='lat' dir='ltr'>die</span> <span class='ocrx_word' id='word_1_65' title='bbox 213 1299 351 1364; x_wconf 87' lang='lat' dir='ltr'>felneren</span> <span class='ocrx_word' id='word_1_66' title='bbox 373 1300 596 1380; x_wconf 85' lang='lat' dir='ltr'>verzierungen</span> <span class='ocrx_word' id='word_1_67' title='bbox 614 1299 829 1364; x_wconf 86' lang='lat' dir='ltr'>-ausmeisseln</span> <span class='ocrx_word' id='word_1_68' title='bbox 859 1298 926 1363; x_wconf 91' lang='lat' dir='ltr'>und</span> <span class='ocrx_word' id='word_1_69' title='bbox 949 1300 1006 1364; x_wconf 87' lang='lat' dir='ltr'>das</span> <span class='ocrx_word' id='word_1_70' title='bbox 1026 1299 1212 1374; x_wconf 84' lang='lat' dir='ltr'>iehlerhatte</span> <span class='ocrx_word' id='word_1_71' title='bbox 1231 1305 1308 1370; x_wconf 87' lang='lat' dir='ltr'>oder</span> 
     </span>
     <span class='ocr_line' id='line_1_10' title="bbox 141 1404 1307 1491; baseline 0.003 -21"><span class='ocrx_word' id='word_1_72' title='bbox 141 1408 184 1470; x_wconf 91' lang='lat' dir='ltr'>im</span> <span class='ocrx_word' id='word_1_73' title='bbox 216 1407 300 1471; x_wconf 85' lang='lat' dir='ltr'>lause</span> <span class='ocrx_word' id='word_1_74' title='bbox 336 1405 392 1469; x_wconf 92' lang='lat' dir='ltr'>der</span> <span class='ocrx_word' id='word_1_75' title='bbox 426 1405 485 1469; x_wconf 91' lang='lat' dir='ltr'>zeit</span> <span class='ocrx_word' id='word_1_76' title='bbox 519 1404 688 1469; x_wconf 85' lang='lat' dir='ltr'>schadhaft</span> <span class='ocrx_word' id='word_1_77' title='bbox 720 1406 909 1487; x_wconf 86' lang='lat' dir='ltr'>gewordene</span> <span class='ocrx_word' id='word_1_78' title='bbox 947 1406 1134 1471; x_wconf 88' lang='lat' dir='ltr'>ausbessern</span> <span class='ocrx_word' id='word_1_79' title='bbox 1169 1411 1307 1491; x_wconf 78' lang='lat' dir='ltr'>mtigen’.</span> 
     </span>
     <span class='ocr_line' id='line_1_11' title="bbox 143 1512 1307 1596; baseline 0.002 -18"><span class='ocrx_word' id='word_1_80' title='bbox 143 1513 372 1596; x_wconf 75' lang='lat' dir='ltr'>,Gegenwartig</span> <span class='ocrx_word' id='word_1_81' title='bbox 392 1512 477 1578; x_wconf 91' lang='lat' dir='ltr'>steht</span> <span class='ocrx_word' id='word_1_82' title='bbox 504 1531 580 1579; x_wconf 88' lang='lat' dir='ltr'>man</span> <span class='ocrx_word' id='word_1_83' title='bbox 608 1512 683 1576; x_wconf 86' lang='lat' dir='ltr'>cher</span> <span class='ocrx_word' id='word_1_84' title='bbox 708 1512 793 1577; x_wconf 90' lang='lat' dir='ltr'>noch</span> <span class='ocrx_word' id='word_1_85' title='bbox 818 1513 877 1577; x_wconf 88' lang='lat' dir='ltr'>auf</span> <span class='ocrx_word' id='word_1_86' title='bbox 899 1513 971 1576; x_wconf 90' lang='lat' dir='ltr'>dem</span> <span class='ocrx_word' id='word_1_87' title='bbox 997 1514 1205 1596; x_wconf 89' lang='lat' dir='ltr'>standpunct‚</span> <span class='ocrx_word' id='word_1_88' title='bbox 1234 1516 1307 1580; x_wconf 85' lang='lat' dir='ltr'>dass</span> 
     </span>
     <span class='ocr_line' id='line_1_12' title="bbox 142 1617 1306 1701; baseline 0.003 -19"><span class='ocrx_word' id='word_1_89' title='bbox 142 1638 218 1684; x_wconf 87' lang='lat' dir='ltr'>man</span> <span class='ocrx_word' id='word_1_90' title='bbox 240 1619 412 1696; x_wconf 92' lang='lat' dir='ltr'>annimmt,</span> <span class='ocrx_word' id='word_1_91' title='bbox 435 1619 485 1682; x_wconf 89' lang='lat' dir='ltr'>bei</span> <span class='ocrx_word' id='word_1_92' title='bbox 507 1617 635 1682; x_wconf 82' lang='lat' dir='ltr'>Tacitus</span> <span class='ocrx_word' id='word_1_93' title='bbox 655 1618 700 1683; x_wconf 90' lang='lat' dir='ltr'>sei</span> <span class='ocrx_word' id='word_1_94' title='bbox 719 1617 792 1683; x_wconf 89' lang='lat' dir='ltr'>kein</span> <span class='ocrx_word' id='word_1_95' title='bbox 816 1618 893 1700; x_wconf 82' lang='lat' dir='ltr'>ding</span> <span class='ocrx_word' id='word_1_96' title='bbox 912 1619 1106 1701; x_wconf 72' lang='lat' dir='ltr'>unmoglich.</span> <span class='ocrx_word' id='word_1_97' title='bbox 1138 1620 1211 1685; x_wconf 92' lang='lat' dir='ltr'>Will</span> <span class='ocrx_word' id='word_1_98' title='bbox 1229 1641 1306 1686; x_wconf 88' lang='lat' dir='ltr'>man</span> 
     </span>
     <span class='ocr_line' id='line_1_13' title="bbox 142 1724 1308 1808; baseline 0.003 -18"><span class='ocrx_word' id='word_1_99' title='bbox 142 1725 219 1790; x_wconf 86' lang='lat' dir='ltr'>aber</span> <span class='ocrx_word' id='word_1_100' title='bbox 238 1744 293 1789; x_wconf 90' lang='lat' dir='ltr'>zur</span> <span class='ocrx_word' id='word_1_101' title='bbox 314 1725 456 1792; x_wconf 88' lang='lat' dir='ltr'>sicheren</span> <span class='ocrx_word' id='word_1_102' title='bbox 478 1724 675 1789; x_wconf 87' lang='lat' dir='ltr'>erkenntniss</span> <span class='ocrx_word' id='word_1_103' title='bbox 697 1725 753 1788; x_wconf 94' lang='lat' dir='ltr'>der</span> <span class='ocrx_word' id='word_1_104' title='bbox 773 1724 941 1788; x_wconf 88' lang='lat' dir='ltr'>Wahrheit</span> <span class='ocrx_word' id='word_1_105' title='bbox 961 1725 1133 1808; x_wconf 83' lang='lat' dir='ltr'>gelangen,</span> <span class='ocrx_word' id='word_1_106' title='bbox 1163 1747 1199 1792; x_wconf 92' lang='lat' dir='ltr'>so</span> <span class='ocrx_word' id='word_1_107' title='bbox 1221 1747 1308 1792; x_wconf 90' lang='lat' dir='ltr'>muss</span> 
     </span>
     <span class='ocr_line' id='line_1_14' title="bbox 142 1831 1307 1912; baseline 0.001 -15"><span class='ocrx_word' id='word_1_108' title='bbox 142 1850 219 1898; x_wconf 90' lang='lat' dir='ltr'>man</span> <span class='ocrx_word' id='word_1_109' title='bbox 240 1831 306 1896; x_wconf 89' lang='lat' dir='ltr'>sich</span> <span class='ocrx_word' id='word_1_110' title='bbox 328 1832 384 1896; x_wconf 86' lang='lat' dir='ltr'>der</span> <span class='ocrx_word' id='word_1_111' title='bbox 404 1831 635 1912; x_wconf 80' lang='lat' dir='ltr'>sorgialtigsten</span> <span class='ocrx_word' id='word_1_112' title='bbox 659 1831 995 1912; x_wconf 85' lang='lat' dir='ltr'>detailuntersuchung</span> <span class='ocrx_word' id='word_1_113' title='bbox 1022 1832 1110 1896; x_wconf 90' lang='lat' dir='ltr'>nicht</span> <span class='ocrx_word' id='word_1_114' title='bbox 1134 1833 1307 1898; x_wconf 76' lang='lat' dir='ltr'>schamen’.</span> 
     </span>
     <span class='ocr_line' id='line_1_15' title="bbox 141 1937 1308 2021; baseline 0 -16"><span class='ocrx_word' id='word_1_115' title='bbox 141 1939 204 2006; x_wconf 83' lang='lat' dir='ltr'>Etsi</span> <span class='ocrx_word' id='word_1_116' title='bbox 226 1939 322 2020; x_wconf 84' lang='lat' dir='ltr'>igitur</span> <span class='ocrx_word' id='word_1_117' title='bbox 343 1938 473 2020; x_wconf 81' lang='lat' dir='ltr'>vulgata</span> <span class='ocrx_word' id='word_1_118' title='bbox 493 1938 554 2003; x_wconf 86' lang='lat' dir='ltr'>hac</span> <span class='ocrx_word' id='word_1_119' title='bbox 576 1938 791 2002; x_wconf 85' lang='lat' dir='ltr'>dissertatione</span> <span class='ocrx_word' id='word_1_120' title='bbox 812 1937 954 2002; x_wconf 89' lang='lat' dir='ltr'>nonnulli</span> <span class='ocrx_word' id='word_1_121' title='bbox 974 1937 1031 2001; x_wconf 90' lang='lat' dir='ltr'>viri</span> <span class='ocrx_word' id='word_1_122' title='bbox 1054 1939 1146 2019; x_wconf 91' lang='lat' dir='ltr'>docti,</span> <span class='ocrx_word' id='word_1_123' title='bbox 1170 1959 1308 2021; x_wconf 90' lang='lat' dir='ltr'>quorum</span> 
     </span>
     <span class='ocr_line' id='line_1_16' title="bbox 141 2035 1308 2127; baseline -0.001 -15"><span class='ocrx_word' id='word_1_124' title='bbox 141 2064 306 2112; x_wconf 89' lang='lat' dir='ltr'>enumero</span> <span class='ocrx_word' id='word_1_125' title='bbox 315 2035 449 2127; x_wconf 58' lang='lat' dir='ltr'>&#39;propter</span> <span class='ocrx_word' id='word_1_126' title='bbox 461 2045 613 2109; x_wconf 88' lang='lat' dir='ltr'>materiae</span> <span class='ocrx_word' id='word_1_127' title='bbox 626 2043 861 2108; x_wconf 90' lang='lat' dir='ltr'>similitudinem</span> <span class='ocrx_word' id='word_1_128' title='bbox 879 2045 954 2108; x_wconf 91' lang='lat' dir='ltr'>satis</span> <span class='ocrx_word' id='word_1_129' title='bbox 969 2043 1026 2108; x_wconf 89' lang='lat' dir='ltr'>erit</span> <span class='ocrx_word' id='word_1_130' title='bbox 1044 2064 1308 2110; x_wconf 84' lang='lat' dir='ltr'>commemorasse</span> 
     </span>
     <span class='ocr_line' id='line_1_17' title="bbox 140 2148 1309 2238; baseline 0 -22"><span class='ocrx_word' id='word_1_131' title='bbox 140 2151 180 2215; x_wconf 86' lang='lat' dir='ltr'>A.</span> <span class='ocrx_word' id='word_1_132' title='bbox 201 2150 361 2216; x_wconf 87' lang='lat' dir='ltr'>Greefium</span> <span class='ocrx_word' id='word_1_133' title='bbox 373 2149 413 2231; x_wconf 86' lang='lat'>¹),</span> <span class='ocrx_word' id='word_1_134' title='bbox 435 2151 474 2214; x_wconf 90' lang='grc' dir='ltr'>Η.</span> <span class='ocrx_word' id='word_1_135' title='bbox 495 2150 529 2215; x_wconf 84' lang='lat' dir='ltr'>C.</span> <span class='ocrx_word' id='word_1_136' title='bbox 550 2149 711 2238; x_wconf 79' lang='lat' dir='ltr'>Maueium</span> <span class='ocrx_word' id='word_1_137' title='bbox 722 2148 764 2231; x_wconf 79' lang='lat'>²),</span> <span class='ocrx_word' id='word_1_138' title='bbox 790 2149 829 2213; x_wconf 91' lang='lat' dir='ltr'>A.</span> <span class='ocrx_word' id='word_1_139' title='bbox 853 2149 1082 2231; x_wconf 78' lang='lat' dir='ltr'>Gerberum⁸),</span> <span class='ocrx_word' id='word_1_140' title='bbox 1116 2152 1211 2217; x_wconf 91' lang='lat' dir='ltr'>alacri</span> <span class='ocrx_word' id='word_1_141' title='bbox 1235 2171 1309 2218; x_wconf 89' lang='lat' dir='ltr'>cum</span> 
     </span>
     <span class='ocr_line' id='line_1_18' title="bbox 142 2257 1309 2340; baseline 0 -18"><span class='ocrx_word' id='word_1_142' title='bbox 142 2258 304 2339; x_wconf 83' lang='lat' dir='ltr'>diligentia</span> <span class='ocrx_word' id='word_1_143' title='bbox 336 2258 375 2322; x_wconf 91' lang='lat' dir='ltr'>de</span> <span class='ocrx_word' id='word_1_144' title='bbox 403 2257 530 2340; x_wconf 80' lang='lat' dir='ltr'>singulis</span> <span class='ocrx_word' id='word_1_145' title='bbox 563 2258 755 2340; x_wconf 87' lang='lat' dir='ltr'>quibusdam</span> <span class='ocrx_word' id='word_1_146' title='bbox 787 2257 883 2321; x_wconf 89' lang='lat' dir='ltr'>rebus</span> <span class='ocrx_word' id='word_1_147' title='bbox 916 2257 1076 2322; x_wconf 87' lang='lat' dir='ltr'>subtiliore</span> <span class='ocrx_word' id='word_1_148' title='bbox 1109 2257 1309 2340; x_wconf 81' lang='lat' dir='ltr'>inquisitione</span> 
     </span>
     <span class='ocr_line' id='line_1_19' title="bbox 142 2363 1310 2447; baseline -0.001 -18"><span class='ocrx_word' id='word_1_149' title='bbox 142 2363 244 2447; x_wconf 83' lang='lat' dir='ltr'>dignis</span> <span class='ocrx_word' id='word_1_150' title='bbox 264 2367 409 2446; x_wconf 84' lang='lat' dir='ltr'>egerunt,</span> <span class='ocrx_word' id='word_1_151' title='bbox 431 2369 541 2430; x_wconf 88' lang='lat' dir='ltr'>tamen</span> <span class='ocrx_word' id='word_1_152' title='bbox 562 2364 663 2428; x_wconf 88' lang='lat' dir='ltr'>multa</span> <span class='ocrx_word' id='word_1_153' title='bbox 684 2363 776 2428; x_wconf 90' lang='lat' dir='ltr'>nohis</span> <span class='ocrx_word' id='word_1_154' title='bbox 796 2367 917 2429; x_wconf 85' lang='lat' dir='ltr'>restant</span> <span class='ocrx_word' id='word_1_155' title='bbox 939 2364 1184 2446; x_wconf 87' lang='lat' dir='ltr'>perscrutanda,</span> <span class='ocrx_word' id='word_1_156' title='bbox 1208 2364 1310 2429; x_wconf 91' lang='lat' dir='ltr'>donec</span> 
     </span>
     <span class='ocr_line' id='line_1_20' title="bbox 142 2471 1310 2558; baseline 0.003 -24"><span class='ocrx_word' id='word_1_157' title='bbox 142 2489 180 2535; x_wconf 91' lang='lat' dir='ltr'>eo</span> <span class='ocrx_word' id='word_1_158' title='bbox 201 2471 370 2552; x_wconf 84' lang='lat' dir='ltr'>procedere</span> <span class='ocrx_word' id='word_1_159' title='bbox 392 2472 501 2550; x_wconf 88' lang='lat' dir='ltr'>liceat,</span> <span class='ocrx_word' id='word_1_160' title='bbox 530 2475 567 2535; x_wconf 92' lang='lat' dir='ltr'>ut</span> <span class='ocrx_word' id='word_1_161' title='bbox 597 2471 728 2553; x_wconf 89' lang='lat' dir='ltr'>plenum</span> <span class='ocrx_word' id='word_1_162' title='bbox 743 2471 972 2558; x_wconf 50' lang='lat' dir='ltr'>,idoneumque</span> <span class='ocrx_word' id='word_1_163' title='bbox 1000 2471 1121 2534; x_wconf 84' lang='lat' dir='ltr'>lexicon</span> <span class='ocrx_word' id='word_1_164' title='bbox 1145 2471 1310 2538; x_wconf 89' lang='lat' dir='ltr'>Taciteum</span> 
     </span>
     <span class='ocr_line' id='line_1_21' title="bbox 144 2576 1311 2660; baseline 0 -19"><span class='ocrx_word' id='word_1_165' title='bbox 144 2596 383 2660; x_wconf 87' lang='lat' dir='ltr'>componamus.</span> <span class='ocrx_word' id='word_1_166' title='bbox 426 2576 521 2654; x_wconf 88' lang='lat' dir='ltr'>Quod</span> <span class='ocrx_word' id='word_1_167' title='bbox 549 2579 706 2658; x_wconf 87' lang='lat' dir='ltr'>quantam</span> <span class='ocrx_word' id='word_1_168' title='bbox 736 2576 907 2640; x_wconf 89' lang='lat' dir='ltr'>allaturum</span> <span class='ocrx_word' id='word_1_169' title='bbox 935 2577 975 2640; x_wconf 90' lang='lat' dir='ltr'>sit</span> <span class='ocrx_word' id='word_1_170' title='bbox 1002 2577 1185 2655; x_wconf 84' lang='lat' dir='ltr'>utilitatem,</span> <span class='ocrx_word' id='word_1_171' title='bbox 1215 2580 1251 2641; x_wconf 95' lang='lat' dir='ltr'>ut</span> <span class='ocrx_word' id='word_1_172' title='bbox 1279 2581 1311 2641; x_wconf 90' lang='lat' dir='ltr'>et</span> 
     </span>
     <span class='ocr_line' id='line_1_22' title="bbox 144 2680 1311 2764; baseline -0.001 -17"><span class='ocrx_word' id='word_1_173' title='bbox 144 2683 323 2764; x_wconf 84' lang='lat' dir='ltr'>exegeticen</span> <span class='ocrx_word' id='word_1_174' title='bbox 345 2683 548 2764; x_wconf 89' lang='lat' dir='ltr'>criticamque</span> <span class='ocrx_word' id='word_1_175' title='bbox 570 2689 673 2746; x_wconf 88' lang='lat' dir='ltr'>artem</span> <span class='ocrx_word' id='word_1_176' title='bbox 694 2681 726 2744; x_wconf 89' lang='lat' dir='ltr'>in</span> <span class='ocrx_word' id='word_1_177' title='bbox 741 2680 844 2745; x_wconf 85' lang='lat' dir='ltr'>Taciti</span> <span class='ocrx_word' id='word_1_178' title='bbox 864 2681 984 2764; x_wconf 90' lang='lat' dir='ltr'>scriptis</span> <span class='ocrx_word' id='word_1_179' title='bbox 1005 2684 1088 2745; x_wconf 86' lang='lat' dir='ltr'>recte</span> <span class='ocrx_word' id='word_1_180' title='bbox 1110 2700 1311 2748; x_wconf 87' lang='lat' dir='ltr'>exerceamus</span> 
     </span>
     <span class='ocr_line' id='line_1_23' title="bbox 143 2787 1311 2870; baseline 0 -17"><span class='ocrx_word' id='word_1_181' title='bbox 143 2793 174 2853; x_wconf 91' lang='lat' dir='ltr'>et</span> <span class='ocrx_word' id='word_1_182' title='bbox 198 2794 370 2870; x_wconf 81' lang='lat' dir='ltr'>argenteae</span> <span class='ocrx_word' id='word_1_183' title='bbox 403 2807 486 2870; x_wconf 90' lang='lat' dir='ltr'>quae</span> <span class='ocrx_word' id='word_1_184' title='bbox 523 2791 655 2852; x_wconf 90' lang='lat' dir='ltr'>vocatur</span> <span class='ocrx_word' id='word_1_185' title='bbox 691 2787 854 2852; x_wconf 86' lang='lat' dir='ltr'>latinitatis</span> <span class='ocrx_word' id='word_1_186' title='bbox 894 2787 1017 2852; x_wconf 89' lang='lat' dir='ltr'>dicendi</span> <span class='ocrx_word' id='word_1_187' title='bbox 1050 2788 1311 2854; x_wconf 88' lang='lat' dir='ltr'>consuetudinem</span> 
     </span>
     <span class='ocr_line' id='line_1_24' title="bbox 145 2891 1389 2979; baseline 0.002 -19"><span class='ocrx_word' id='word_1_188' title='bbox 145 2897 385 2979; x_wconf 83' lang='lat' dir='ltr'>perspiciamus,</span> <span class='ocrx_word' id='word_1_189' title='bbox 411 2896 464 2959; x_wconf 86' lang='lat' dir='ltr'>vix</span> <span class='ocrx_word' id='word_1_190' title='bbox 491 2914 571 2977; x_wconf 91' lang='lat' dir='ltr'>opus</span> <span class='ocrx_word' id='word_1_191' title='bbox 596 2894 653 2959; x_wconf 90' lang='lat' dir='ltr'>erit</span> <span class='ocrx_word' id='word_1_192' title='bbox 680 2894 779 2958; x_wconf 83' lang='lat' dir='ltr'>fusius</span> <span class='ocrx_word' id='word_1_193' title='bbox 805 2893 983 2976; x_wconf 84' lang='lat' dir='ltr'>explanare.</span> <span class='ocrx_word' id='word_1_194' title='bbox 1033 2895 1117 2958; x_wconf 92' lang='lat' dir='ltr'>Nam</span> <span class='ocrx_word' id='word_1_195' title='bbox 1146 2895 1268 2960; x_wconf 82' lang='lat' dir='ltr'>lexicon</span> <span class='ocrx_word' id='word_1_196' title='bbox 1291 2915 1311 2962; x_wconf 90' lang='lat' dir='ltr'>a</span> <span class='ocrx_word' id='word_1_197' title='bbox 1341 2891 1389 2952; x_wconf 60' lang='grc' dir='ltr'>ἳ-</span> 
     </span>
     <span class='ocr_line' id='line_1_25' title="bbox 143 2999 1311 3084; baseline -0.003 -17"><span class='ocrx_word' id='word_1_198' title='bbox 143 3003 340 3068; x_wconf 81' lang='lat' dir='ltr'>Boetticheso</span> <span class='ocrx_word' id='word_1_199' title='bbox 361 3003 491 3083; x_wconf 84' lang='lat' dir='ltr'>triginta</span> <span class='ocrx_word' id='word_1_200' title='bbox 513 3020 568 3064; x_wconf 87' lang='lat' dir='ltr'>sex</span> <span class='ocrx_word' id='word_1_201' title='bbox 588 3004 663 3065; x_wconf 91' lang='lat' dir='ltr'>ante</span> <span class='ocrx_word' id='word_1_202' title='bbox 676 3001 776 3064; x_wconf 76' lang='lat' dir='ltr'>&#39;annis</span> <span class='ocrx_word' id='word_1_203' title='bbox 797 3000 829 3063; x_wconf 92' lang='lat' dir='ltr'>in</span> <span class='ocrx_word' id='word_1_204' title='bbox 851 2999 953 3064; x_wconf 88' lang='lat' dir='ltr'>lucem</span> <span class='ocrx_word' id='word_1_205' title='bbox 973 2999 1133 3080; x_wconf 89' lang='lat' dir='ltr'>emissum,</span> <span class='ocrx_word' id='word_1_206' title='bbox 1156 3021 1230 3084; x_wconf 84' lang='lat' dir='ltr'>qun,</span> <span class='ocrx_word' id='word_1_207' title='bbox 1253 3002 1311 3066; x_wconf 90' lang='lat' dir='ltr'>nisi</span> 
     </span>
     <span class='ocr_line' id='line_1_26' title="bbox 144 3105 1311 3200; baseline -0.002 -26"><span class='ocrx_word' id='word_1_208' title='bbox 144 3128 182 3174; x_wconf 87' lang='lat' dir='ltr'>ex</span> <span class='ocrx_word' id='word_1_209' title='bbox 208 3110 277 3200; x_wconf 87' lang='lat' dir='ltr'>ipso</span> <span class='ocrx_word' id='word_1_210' title='bbox 304 3110 391 3173; x_wconf 84' lang='lat' dir='ltr'>fonte</span> <span class='ocrx_word' id='word_1_211' title='bbox 419 3107 511 3172; x_wconf 91' lang='lat' dir='ltr'>altius</span> <span class='ocrx_word' id='word_1_212' title='bbox 539 3107 667 3172; x_wconf 88' lang='lat' dir='ltr'>haurire</span> <span class='ocrx_word' id='word_1_213' title='bbox 699 3105 788 3185; x_wconf 89' lang='lat' dir='ltr'>libet,</span> <span class='ocrx_word' id='word_1_214' title='bbox 827 3127 914 3171; x_wconf 88' lang='lat' dir='ltr'>nunc</span> <span class='ocrx_word' id='word_1_215' title='bbox 946 3107 1076 3189; x_wconf 90' lang='lat' dir='ltr'>quidem</span> <span class='ocrx_word' id='word_1_216' title='bbox 1111 3127 1218 3173; x_wconf 85' lang='lat' dir='ltr'>carere</span> <span class='ocrx_word' id='word_1_217' title='bbox 1245 3127 1311 3174; x_wconf 91' lang='lat' dir='ltr'>non</span> 
     </span>
     <span class='ocr_line' id='line_1_27' title="bbox 145 3211 1312 3299; baseline -0.002 -19"><span class='ocrx_word' id='word_1_218' title='bbox 145 3216 332 3299; x_wconf 89' lang='lat' dir='ltr'>poterimus,</span> <span class='ocrx_word' id='word_1_219' title='bbox 354 3215 484 3279; x_wconf 90' lang='lat' dir='ltr'>minime</span> <span class='ocrx_word' id='word_1_220' title='bbox 505 3214 570 3277; x_wconf 90' lang='lat' dir='ltr'>iam</span> <span class='ocrx_word' id='word_1_221' title='bbox 591 3211 733 3276; x_wconf 86' lang='lat' dir='ltr'>sulficere</span> <span class='ocrx_word' id='word_1_222' title='bbox 754 3231 940 3296; x_wconf 87' lang='lat' dir='ltr'>novumque</span> <span class='ocrx_word' id='word_1_223' title='bbox 970 3233 1029 3295; x_wconf 90' lang='lat' dir='ltr'>pro</span> <span class='ocrx_word' id='word_1_224' title='bbox 1050 3234 1087 3277; x_wconf 92' lang='lat' dir='ltr'>eo</span> <span class='ocrx_word' id='word_1_225' title='bbox 1111 3218 1312 3297; x_wconf 85' lang='lat' dir='ltr'>comparetur</span> 
     </span>
     <span class='ocr_line' id='line_1_28' title="bbox 146 3305 1397 3401; baseline -0.003 -14"><span class='ocrx_word' id='word_1_226' title='bbox 146 3305 275 3387; x_wconf 86' lang='lat' dir='ltr'>necesse</span> <span class='ocrx_word' id='word_1_227' title='bbox 302 3331 369 3384; x_wconf 86' lang='lat' dir='ltr'>esse</span> <span class='ocrx_word' id='word_1_228' title='bbox 396 3322 478 3384; x_wconf 89' lang='lat' dir='ltr'>inter</span> <span class='ocrx_word' id='word_1_229' title='bbox 503 3337 613 3382; x_wconf 91' lang='lat' dir='ltr'>omnes</span> <span class='ocrx_word' id='word_1_230' title='bbox 642 3321 773 3383; x_wconf 87' lang='lat' dir='ltr'>constat.</span> <span class='ocrx_word' id='word_1_231' title='bbox 827 3316 921 3394; x_wconf 88' lang='lat' dir='ltr'>Quod</span> <span class='ocrx_word' id='word_1_232' title='bbox 949 3319 991 3382; x_wconf 89' lang='lat' dir='ltr'>ad</span> <span class='ocrx_word' id='word_1_233' title='bbox 1023 3319 1249 3401; x_wconf 87' lang='lat' dir='ltr'>perficiendum</span> <span class='ocrx_word' id='word_1_234' title='bbox 1275 3323 1313 3385; x_wconf 93' lang='lat' dir='ltr'>ut</span> <span class='ocrx_word' id='word_1_235' title='bbox 1395 3337 1397 3340; x_wconf 83' lang='lat'>·</span> 
     </span>
     <span class='ocr_line' id='line_1_29' title="bbox 148 3425 1312 3511; baseline 0 -19"><span class='ocrx_word' id='word_1_236' title='bbox 148 3429 315 3511; x_wconf 86' lang='lat' dir='ltr'>parvulam</span> <span class='ocrx_word' id='word_1_237' title='bbox 337 3425 469 3491; x_wconf 82' lang='lat' dir='ltr'>afferam</span> <span class='ocrx_word' id='word_1_238' title='bbox 486 3429 626 3508; x_wconf 88' lang='lat' dir='ltr'>partem,</span> <span class='ocrx_word' id='word_1_239' title='bbox 657 3425 741 3488; x_wconf 90' lang='lat' dir='ltr'>hanc</span> <span class='ocrx_word' id='word_1_240' title='bbox 770 3443 868 3506; x_wconf 90' lang='lat' dir='ltr'>quam</span> <span class='ocrx_word' id='word_1_241' title='bbox 894 3444 1037 3508; x_wconf 88' lang='lat' dir='ltr'>pmpono</span> <span class='ocrx_word' id='word_1_242' title='bbox 1067 3425 1312 3508; x_wconf 88' lang='lat' dir='ltr'>disputationem</span> 
     </span>
     <span class='ocr_line' id='line_1_30' title="bbox 146 3531 1313 3614; baseline -0.002 -16"><span class='ocrx_word' id='word_1_243' title='bbox 146 3535 186 3598; x_wconf 89' lang='lat' dir='ltr'>de</span> <span class='ocrx_word' id='word_1_244' title='bbox 208 3553 246 3598; x_wconf 91' lang='lat' dir='ltr'>eo</span> <span class='ocrx_word' id='word_1_245' title='bbox 269 3552 329 3597; x_wconf 92' lang='lat' dir='ltr'>usu</span> <span class='ocrx_word' id='word_1_246' title='bbox 349 3535 511 3597; x_wconf 89' lang='lat' dir='ltr'>instituere</span> <span class='ocrx_word' id='word_1_247' title='bbox 533 3532 676 3596; x_wconf 90' lang='lat' dir='ltr'>animum</span> <span class='ocrx_word' id='word_1_248' title='bbox 695 3531 821 3610; x_wconf 86' lang='lat' dir='ltr'>induxi,</span> <span class='ocrx_word' id='word_1_249' title='bbox 855 3551 952 3614; x_wconf 88' lang='lat' dir='ltr'>quem</span> <span class='ocrx_word' id='word_1_250' title='bbox 972 3535 1098 3596; x_wconf 90' lang='lat' dir='ltr'>secutus</span> <span class='ocrx_word' id='word_1_251' title='bbox 1118 3535 1165 3596; x_wconf 90' lang='lat' dir='ltr'>est</span> <span class='ocrx_word' id='word_1_252' title='bbox 1184 3532 1313 3597; x_wconf 85' lang='lat' dir='ltr'>Tacitus</span> 
     </span>
     <span class='ocr_line' id='line_1_31' title="bbox 149 3638 739 3721; baseline -0.008 -16"><span class='ocrx_word' id='word_1_253' title='bbox 149 3661 171 3704; x_wconf 94' lang='lat' dir='ltr'>n</span> <span class='ocrx_word' id='word_1_254' title='bbox 194 3639 377 3704; x_wconf 87' lang='lat' dir='ltr'>adhibenda</span> <span class='ocrx_word' id='word_1_255' title='bbox 399 3638 634 3721; x_wconf 88' lang='lat' dir='ltr'>praepositione</span> <span class='ocrx_word' id='word_1_256' title='bbox 655 3639 739 3720; x_wconf 88' lang='lat' dir='ltr'>,per’.</span> 
     </span>
    </p>
   </div>
   <div class='ocr_carea' id='block_1_3' title="bbox 146 3926 1312 4248">
    <p class='ocr_par' dir='ltr' id='par_1_3' title="bbox 214 3926 1310 4002">
     <span class='ocr_line' id='line_1_32' title="bbox 214 3926 1310 4002; baseline -0.004 -16"><span class='ocrx_word' id='word_1_257' title='bbox 214 3934 240 4002; x_wconf 91' lang='grc'>1)</span> <span class='ocrx_word' id='word_1_258' title='bbox 261 3932 309 4002; x_wconf 76' lang='lat' dir='ltr'>,De</span> <span class='ocrx_word' id='word_1_259' title='bbox 328 3927 563 4000; x_wconf 85' lang='lat' dir='ltr'>praepositionum</span> <span class='ocrx_word' id='word_1_260' title='bbox 578 3945 630 3981; x_wconf 84' lang='lat' dir='ltr'>neu</span> <span class='ocrx_word' id='word_1_261' title='bbox 648 3928 723 3997; x_wconf 86' lang='lat' dir='ltr'>apud</span> <span class='ocrx_word' id='word_1_262' title='bbox 742 3927 886 3982; x_wconf 82' lang='lat' dir='ltr'>Tacitum’.</span> <span class='ocrx_word' id='word_1_263' title='bbox 905 3927 968 3982; x_wconf 86' lang='lat' dir='ltr'>diss.</span> <span class='ocrx_word' id='word_1_264' title='bbox 988 3927 1082 3998; x_wconf 84' lang='lat' dir='ltr'>inaug.</span> <span class='ocrx_word' id='word_1_265' title='bbox 1101 3926 1225 3998; x_wconf 79' lang='lat' dir='ltr'>Gotting.</span> <span class='ocrx_word' id='word_1_266' title='bbox 1236 3927 1310 3982; x_wconf 89' lang='grc'><strong>1869.</strong></span> 
     </span>
    </p>

    <p class='ocr_par' dir='ltr' id='par_1_4' title="bbox 212 4013 1264 4088">
     <span class='ocr_line' id='line_1_33' title="bbox 212 4013 1264 4088; baseline -0.004 -16"><span class='ocrx_word' id='word_1_267' title='bbox 212 4019 240 4079; x_wconf 76' lang='lat' dir='ltr'>al</span> <span class='ocrx_word' id='word_1_268' title='bbox 259 4018 307 4088; x_wconf 79' lang='lat' dir='ltr'>,Dc</span> <span class='ocrx_word' id='word_1_269' title='bbox 326 4013 537 4086; x_wconf 83' lang='lat' dir='ltr'>praepositionis</span> <span class='ocrx_word' id='word_1_270' title='bbox 557 4015 609 4084; x_wconf 83' lang='lat' dir='ltr'>,ad&#39;</span> <span class='ocrx_word' id='word_1_271' title='bbox 628 4031 680 4068; x_wconf 84' lang='lat' dir='ltr'>usu</span> <span class='ocrx_word' id='word_1_272' title='bbox 698 4013 827 4068; x_wconf 84' lang='lat' dir='ltr'>Taciteo&#39;.</span> <span class='ocrx_word' id='word_1_273' title='bbox 847 4013 910 4068; x_wconf 84' lang='lat' dir='ltr'>diss.</span> <span class='ocrx_word' id='word_1_274' title='bbox 929 4013 1024 4084; x_wconf 80' lang='lat' dir='ltr'>inaug.</span> <span class='ocrx_word' id='word_1_275' title='bbox 1043 4013 1169 4084; x_wconf 80' lang='lat' dir='ltr'>Gotting.</span> <span class='ocrx_word' id='word_1_276' title='bbox 1189 4013 1264 4068; x_wconf 79' lang='lat'>1870.</span> 
     </span>
    </p>

    <p class='ocr_par' dir='ltr' id='par_1_5' title="bbox 146 4097 1312 4248">
     <span class='ocr_line' id='line_1_34' title="bbox 212 4097 1312 4181; baseline -0.004 -23"><span class='ocrx_word' id='word_1_277' title='bbox 212 4104 240 4174; x_wconf 82' lang='grc'>3)</span> <span class='ocrx_word' id='word_1_278' title='bbox 259 4101 409 4181; x_wconf 79' lang='lat' dir='ltr'>,Nonnulla</span> <span class='ocrx_word' id='word_1_279' title='bbox 430 4102 464 4155; x_wconf 90' lang='lat' dir='ltr'>de</span> <span class='ocrx_word' id='word_1_280' title='bbox 488 4118 540 4154; x_wconf 81' lang='lat' dir='ltr'>usu</span> <span class='ocrx_word' id='word_1_281' title='bbox 565 4116 678 4169; x_wconf 86' lang='lat' dir='ltr'>praepp.</span> <span class='ocrx_word' id='word_1_282' title='bbox 705 4100 779 4168; x_wconf 88' lang='lat' dir='ltr'>apud</span> <span class='ocrx_word' id='word_1_283' title='bbox 808 4100 846 4154; x_wconf 75' lang='lat' dir='ltr'>T:</span> <span class='ocrx_word' id='word_1_284' title='bbox 883 4115 973 4169; x_wconf 85' lang='lat' dir='ltr'>progr.</span> <span class='ocrx_word' id='word_1_285' title='bbox 1006 4117 1100 4170; x_wconf 82' lang='lat' dir='ltr'>gymn.</span> <span class='ocrx_word' id='word_1_286' title='bbox 1135 4097 1312 4155; x_wconf 77' lang='lat' dir='ltr'>ulueksmdt.</span> 
     </span>
     <span class='ocr_line' id='line_1_35' title="bbox 146 4189 221 4248; baseline 0.027 -2"><span class='ocrx_word' id='word_1_287' title='bbox 146 4189 221 4248; x_wconf 80' lang='lat'>1871.</span> 
     </span>
    </p>
   </div>
   <div class='ocr_carea' id='block_1_4' title="bbox 0 0 1521 4842">
    <p class='ocr_par' dir='ltr' id='par_1_6' title="bbox 0 0 1521 4842">
     <span class='ocr_line' id='line_1_36' title="bbox 0 0 1521 4842; baseline 0 0"><span class='ocrx_word' id='word_1_288' title='bbox 0 0 1521 4842; x_wconf 95' lang='lat' dir='ltr'> </span> 
     </span>
    </p>
   </div>
  </div>
 </body>
</html>
