3012 4842
743 399 784 464 77

180 577 253 642 sitis
275 576 386 656 Samo,
409 577 492 656 Ilio,
518 576 684 659 Enqllm's,
718 595 749 657 p.
772 578 925 656 Africam
948 581 1044 644 eliam
1073 600 1110 644 uc
1141 580 1288 646 Siciliam
1315 587 1344 647 el

179 684 317 748 Italicas
340 685 480 749 colanias
503 684 715 748 carminibus:
749 689 861 749 contra
886 686 1055 769 Nipperdei
1084 688 1343 769 explicationem:

180 791 239 869 ,die
267 791 414 855 Ablanve
440 791 631 856 bezeichnen
662 792 712 855 die
740 791 920 874 Bewegung
947 813 1022 856 vom
1051 791 1144 870 Orte,
1180 795 1268 858 nieht
1295 793 1344 858 die

178 899 281 963 Ruhe‘
305 897 459 962 ablativos
480 898 547 961 illos
567 898 671 980 potius
693 898 777 962 idern
799 899 950 964 denotare
972 901 1230 978 existimaverim,
1257 901 1344 996 qaod

178 1004 325 1068 voculam
353 1005 402 1082 ,in’
429 1004 504 1067 loeis
530 1004 626 1068 modo
654 1005 757 1069 allans
796 1004 845 1087 (cl.
875 1025 904 1068 a.
933 1006 1011 1084 XIII,
1034 1008 1063 1084 7,
1090 1009 1109 1070 7
1145 1007 1343 1072 iuventutem

177 1111 337 1193 proximas
364 1131 394 1192 p.
422 1111 599 1192 provincias
628 1111 833 1194 quaesitam);
878 1113 930 1190 XI,
953 1113 1001 1190 37,
1029 1115 1048 1176 6
1077 1115 1245 1195 inditaque
1270 1121 1344 1178 sunt

178 1217 299 1294 uincla,
323 1222 358 1281 nl
380 1219 453 1297 qm‘s
474 1217 694 1296 reperiebatur
722 1220 756 1281 ln
785 1219 911 1296 paullino
941 1227 998 1283 unt
1026 1235 1058 1298 p.
1088 1220 1245 1300 latebram
1277 1220 1343 1298 XII,

179 1323 229 1400 60,
252 1324 270 1385 7
292 1323 379 1388 allas
398 1340 429 1403 n.
452 1325 635 1403 prouincias
658 1331 687 1388 et
709 1327 743 1388 ln
765 1325 841 1389 lum
861 1325 1015 1407 pleraque
1036 1345 1180 1391 coniressa
1205 1335 1287 1391 sunt.

262 1429 467 1512 Quamquam
492 1429 586 1512 igitur
617 1431 821 1495 consideratis
849 1432 896 1496 his
933 1433 1007 1497 locis
1042 1433 1173 1496 minIme
1205 1436 1343 1496 statuere

178 1535 289 1612 velim,
317 1537 579 1618 praeposilionem
614 1539 687 1620 ,per'
720 1558 847 1620 prorsus
877 1542 984 1603 tenere
1011 1539 1094 1603 vices
1121 1540 1253 1604 voculae
1281 1539 1342 1618 ,in’,

178 1645 286 1706 tamen
306 1643 409 1707 facere
429 1663 495 1707 non
516 1664 663 1726 possum,
696 1646 772 1726 quin
801 1646 834 1710 in
863 1646 1023 1710 nonnullis
1052 1666 1162 1710 eorum
1185 1647 1343 1728 exemplis,

177 1768 260 1830 quae
291 1750 398 1813 statim
427 1751 683 1833 subsequuntur,
720 1753 752 1816 id
780 1753 990 1830 contendam,
1025 1753 1170 1817 Taciturn
1199 1753 1276 1816 Item
1307 1756 1343 1815 ut

177 1855 254 1919 alios
283 1859 451 1938 argenteae
478 1859 590 1922 aetatis
621 1860 764 1922 auctores
790 1860 950 1941 pedestres
979 1860 1137 1923 imilatum
1173 1879 1240 1924 esse
1268 1880 1344 1923 con-

177 1963 377 2026 suetudinem
400 1963 553 2045 Augustei
572 1965 723 2046 temporis
744 1969 927 2047 poetarum,
950 1967 1014 2049 qui,
1039 1969 1074 2029 ut
1094 1969 1226 2044 constat,
1248 1965 1343 2048 plane

179 2069 443 2150 adaequaverunt
471 2071 735 2154 praepositionem
774 2073 846 2154 ,per’
880 2071 1035 2136 vocabulo
1064 2071 1112 2150 ,in’
1152 2071 1261 2152 (Hand
1282 2072 1300 2135 l.
1323 2073 1342 2135 l.

178 2196 209 2258 p.
231 2175 302 2254 431,
324 2174 366 2257 9).
415 2177 525 2259 Neque
553 2179 578 2240 si
605 2178 666 2242 hoc
694 2179 790 2242 etiam
819 2179 852 2242 in
879 2179 978 2243 Taciti
1007 2198 1113 2256 usum,
1149 2179 1235 2260 quod
1266 2177 1342 2260 quin

179 2283 370 2364 accipIamus
390 2281 466 2344 nihil
489 2285 574 2347 certe
596 2284 735 2366 Impedit,
758 2285 870 2348 cadere
885 2285 1045 2367 ponimus,
1067 2283 1109 2346 ad
1128 2284 1343 2347 morositatem

179 2388 265 2452 illam
290 2392 386 2471 atque
415 2393 516 2452 artem
541 2390 710 2471 confugere
739 2391 895 2471 cogimur,
929 2391 1044 2472 quibus
1072 2390 1215 2454 nonnulli
1243 2391 1301 2452 loci
1323 2409 1344 2452 a

178 2493 251 2557 viris
277 2494 377 2558 doctis
411 2498 485 2557 sunt
513 2497 626 2559 vexati.
679 2496 831 2578 Exempla
862 2516 970 2560 rursus
1006 2497 1039 2559 in
1073 2497 1171 2559 talem
1200 2496 1343 2558 ordinem

177 2601 300 2681 redegi,
323 2605 359 2664 ut
380 2601 519 2665 secundo
540 2601 608 2665 loco
632 2605 737 2666 cetera
753 2603 851 2666 verba
873 2602 1020 2680 afferam,
1043 2603 1145 2683 prlore
1166 2604 1274 2664 autem

302 2706 335 2789 α)
356 2711 522 2772 terrarum
540 2706 690 2771 nomina:
714 2709 745 2771 h.
767 2709 803 2784 V,
823 2710 883 2785 3,1
908 2715 979 2772 orla
997 2725 1027 2787 n.
1048 2707 1236 2790 Aegyptum
1259 2706 1342 2784 labe,-

178 2834 206 2877 a.
229 2815 279 2892 IV,
304 2816 351 2892 13,
373 2815 410 2878 lu
430 2831 461 2894 p.
484 2813 631 2879 Africam
654 2835 691 2879 aa
711 2815 857 2878 Siciliam
880 2815 1032 2878 mutando
1052 2815 1205 2878 sordidas
1225 2833 1341 2876 merces

179 2921 434 3001 sustentabatur,
466 2922 514 2998 m,
537 2923 556 2985 5
579 2922 715 2986 conditis
736 2939 766 3002 p.
787 2920 902 2984 Asiam
924 2920 1070 3000 nubilum
1100 2921 1150 2998 56,
1173 2922 1192 2983 8
1221 2920 1341 2984 ualidis

178 3043 209 3107 p.
231 3027 269 3090 A.
290 3028 434 3110 neqibns‚·
466 3028 546 3106 XIV,
569 3029 619 3106 33,
643 3029 680 3092 15
716 3049 783 3094 esse
805 3029 857 3092 illi
881 3045 912 3107 n.
935 3030 976 3092 A.
999 3030 1102 3092 auitos
1131 3047 1241 3108 aqnos,·
1274 3026 1340 3104 XV,

178 3135 260 3212 luo
281 3151 312 3214 p.
333 3136 373 3198 A.
396 3143 490 3216 alque
512 3135 669 3199 siclinium
691 3156 751 3198 nou
776 3135 859 3198 dona
883 3141 1013 3213 tantum,
1037 3135 1093 3198 sed
1115 3134 1340 3198 simulacra-

178 3239 438 3322 abripiebantur;
465 3242 532 3320 XII,
554 3243 646 3320 653
674 3260 791 3322 nanum
815 3244 958 3306 coercitis
989 3259 1020 3320 p.
1053 3239 1243 3305 calabriam
1275 3261 1341 3304 sen-

177 3367 288 3412 oornm
311 3349 507 3430 aqmluilms;
543 3349 574 3412 h.
597 3349 645 3426 III,
666 3351 716 3426 58,
741 3350 760 3413 3
779 3350 922 3430 fratrem
950 3385 980 3392 -
1006 3349 1168 3430 ingruenti
1193 3364 1224 3426 p.
1249 3345 1341 3410 (lam-

178 3454 312 3537 puniam
333 3455 412 3519 bello
433 3457 597 3534 opposnlt3
640 3475 669 3518 a.
696 3455 746 3532 IV,
768 3455 857 3533 67,1
892 3455 1049 3518 dedicatis
1078 3469 1109 3532 n.
1138 3453 1170 3516 0.
1200 3453 1341 3533 templu,

177 3562 256 3640 XIII,
278 3563 327 3639 35,
349 3564 369 3626 9
395 3562 496 3626 labili
517 3579 548 3640 p.
573 3561 740 3625 Galatiam
763 3558 1064 3643 Cappadociamque
1093 3559 1244 3639 dileclns;
1275 3559 1341 3636 XV,

179 3669 277 3747 17,10
298 3669 419 3732 Pactus
439 3685 471 3748 p.
496 3667 530 3732 Ο.
551 3668 747 3747 hibernarum
766 3667 904 3744 mnas
928 3668 1120 3746 annaqualis
1142 3684 1172 3745 p.
1187 3663 1341 3729 (lilioiam

177 3776 471 3841 Homonadensium
500 3775 656 3853 castellis,
699 3775 730 3837 h.
758 3774 793 3851 11,
823 3774 873 3850 57,
904 3774 923 3836 3
949 3773 1121 3854 festinatis
1149 3790 1182 3851 n.
1211 3771 1341 3837 Gallias

177 3883 361 3963 climatibus,-
383 3881 432 3958 IV,
456 3882 484 3957 3,
510 3882 548 3946 13
568 3887 696 3960 sumpta
718 3897 748 3959 p.
774 3879 813 3944 G.
836 3881 1080 3960 Hispaniasque
1103 3879 1210 3944 eiur'lia
1234 3901 1341 3959 anma;

177 3993 227 4068 75,
250 3994 270 4056 8
291 3990 488 4070 exemplares
509 3989 647 4051 omnium
670 3988 853 4063 literanum,
873 3987 987 4068 quilius
1005 4004 1036 4066 p.
1059 3987 1097 4050 G.
1114 3986 1341 4050 Britanniam-

178 4119 237 4180 que
268 4105 298 4162 el
318 4097 504 4176 Hispanus
531 4095 659 4158 munilia
689 4095 821 4172 orabat,
852 4096 1004 4159 enercitul'
1032 4095 1192 4172 inminuit,
1228 4095 1279 4170 55,
1304 4093 1342 4155 10

177 4206 264 4270 Iullo
286 4222 317 4286 p.
341 4204 379 4269 G.
402 4203 549 4282 bellanll3
591 4201 640 4278 71,
662 4201 682 4264 5
713 4201 847 4266 dilectus
866 4217 898 4280 p.
922 4202 1068 4266 Galliam
1088 4201 1213 4266 nubilos
1234 4233 1272 4242 -
1293 4221 1341 4264 ne·
