3012 4842
255 1465 378 1562 Multa
405 1492 505 1558 inesse
533 1494 658 1558 constat
691 1494 724 1555 i'n
753 1491 909 1556 scribendi
942 1491 1043 1556 Taciti
1074 1491 1210 1568 ratione,
1251 1509 1335 1572 quae

173 1619 279 1681 neque
300 1600 433 1681 repetita
462 1619 501 1662 ex
528 1599 674 1662 classicae
704 1617 802 1679 quam
831 1600 948 1661 vocant
974 1598 1086 1661 aetatis
1113 1597 1200 1662 fonte
1232 1613 1336 1677 neque

172 1706 341 1787 desumpta
364 1705 404 1769 de
424 1706 472 1768 sui
493 1704 642 1786 temporis
664 1703 787 1768 dicendi
809 1703 953 1767 ubertate
978 1723 1017 1766 ex
1036 1723 1095 1766 sua
1116 1703 1211 1784 ipsius
1232 1700 1336 1765 indole

173 1813 271 1893 atque
292 1811 418 1894 ingenio
437 1811 482 1874 ita
501 1811 670 1886 fluxerunt,
691 1812 736 1886 ut,
759 1805 832 1873 cum
846 1814 958 1891 aptare
973 1808 1067 1872 vellet
1086 1808 1228 1888 linguam
1250 1806 1336 1888 operi

171 1937 228 1980 suo
250 1917 356 1999 opimo
377 1918 517 1994 casibus,
539 1917 636 1980 atroci
658 1915 796 1998 proeliis,
817 1917 885 1998 ipsa
907 1917 1003 1980 etiam
1021 1934 1099 1998 pace
1118 1933 1229 1990 saevo,
1251 1931 1336 1976 nova

172 2023 333 2106 quaedam
366 2024 577 2088 conformaret
611 2023 754 2105 aliaque,
793 2043 877 2104 quae
909 2022 1006 2104 paulo
1040 2021 1223 2086 insolentius
1252 2020 1336 2084 dicta

171 2129 339 2194 exstabant
361 2130 447 2211 apud
470 2133 589 2194 ceteros
611 2133 772 2206 auctores,
802 2147 929 2192 summa
957 2148 1031 2192 cum
1054 2131 1122 2192 arte
1144 2125 1335 2207 consilioque

169 2238 306 2300 verteret
333 2255 390 2300 suo
419 2255 516 2299 more.
568 2236 678 2317 ltaque
707 2236 848 2318 priorum
876 2235 1014 2298 maxime
1041 2233 1239 2298 saeculorum
1267 2231 1335 2309 viri,

171 2341 225 2422 qui
245 2341 287 2404 ad
308 2341 506 2422 antiquitatis
527 2340 633 2404 studia
662 2361 695 2404 se
721 2339 939 2418 contulerunt,
966 2358 1039 2402 cum
1062 2338 1149 2402 haud
1169 2337 1335 2414 nescirent,

170 2466 268 2528 quam
290 2445 454 2528 multiplex
476 2447 569 2510 luerit
589 2447 718 2510 Tacitus
736 2447 768 2510 in
790 2445 1015 2528 componendis
1035 2444 1213 2522 sententiis,
1235 2442 1335 2506 multo

171 2551 306 2633 amplius
329 2570 426 2633 quam
446 2571 505 2634 par
526 2552 585 2616 luit
603 2553 758 2633 progressi
778 2551 897 2632 suntin
912 2547 1157 2633 contemplanda
1177 2549 1335 2631 scriptoris

171 2657 306 2721 dictione
329 2658 425 2734 adae,
454 2661 490 2721 ut
512 2658 636 2735 omnia,
666 2676 749 2738 quae
777 2677 797 2721 a
824 2657 911 2720 iustis
935 2659 1079 2740 verisque
1107 2657 1335 2738 grammaticae

171 2763 283 2844 regulis
306 2762 509 2845 aliquomodo
530 2764 677 2828 recedere
698 2764 898 2841 videbantur,
919 2765 952 2827 in
973 2763 1079 2827 stilum
1101 2763 1167 2826 cius
1182 2761 1335 2828 cumulari

172 2888 275 2950 eaque
297 2881 380 2951 quae
401 2870 432 2932 in
454 2869 527 2932 solis
548 2869 713 2952 annalium
733 2869 817 2932 libris
838 2869 1003 2950 leguntur,
1024 2870 1120 2932 etiam
1133 2868 1268 2932 historiis
1284 2866 1334 2931 vel

170 2971 291 3057 scriptis
312 2973 486 3038 minoribus
507 2974 612 3038 inferri
633 2995 724 3056 posse
742 2975 980 3038 arbitrarentur.
1023 2974 1112 3052 Quae
1134 2975 1214 3038 ratio
1237 2993 1335 3055 quam

171 3100 315 3163 perverse
335 3084 416 3143 esset
437 3080 579 3144 adhibita
600 3081 633 3144 in
653 3082 859 3162 explicatione
887 3086 918 3145 et
938 3084 1027 3146 textu
1048 3081 1214 3163 praecipue
1237 3099 1334 3163 quem

171 3188 339 3250 nominant
377 3186 589 3272 restituendO,
647 3187 767 3268 primus
812 3188 955 3252 omnium
1000 3186 1182 3251 Wdlfflinus
1232 3207 1334 3269 nuper

172 3293 404 3356 accuratissime
434 3293 559 3356 edocuit
588 3293 621 3356 in
647 3293 801 3375 Philologi
829 3294 922 3358 tomis
943 3293 1032 3358 XXV
1045 3292 1222 3370 -xxur,
1260 3311 1334 3356 cum

172 3398 351 3462 ostenderet
387 3398 588 3478 sagacissimo
621 3399 751 3476 iudicio,
792 3401 943 3481 paulatim
985 3399 1155 3465 excoluisse
1187 3399 1334 3462 Tacitum

170 3503 322 3585 loquendi
336 3523 435 3584 genus
447 3505 479 3567 in
500 3505 631 3586 Dialogo
643 3502 789 3585 Agricola
810 3505 982 3571 Germania
1002 3505 1138 3570 historiis
1157 3503 1334 3580 annalibus,

89 3597 92 3602 ⁵
171 3628 275 3691 neque
296 3610 370 3674 satis
391 3627 457 3672 esse
478 3610 571 3687 scire,
594 3611 755 3692 quomodo
778 3611 906 3676 Tacitus
919 3613 1072 3689 omnino,
1095 3610 1151 3674 sed
1174 3609 1335 3694 quomodo

171 3715 205 3777 in
224 3715 311 3778 initio
333 3718 365 3778 et
382 3714 446 3778 fine
466 3715 628 3778 literarum
649 3719 743 3799 spatii
763 3719 924 3800 scripserit.
975 3718 1068 3796 Quod
1097 3717 1242 3797 cognosci
1268 3736 1334 3780 non

171 3838 276 3902 posse,
299 3821 357 3882 nisi
377 3820 518 3900 singulae
539 3839 589 3884 res
616 3821 763 3905 deinceps
790 3826 917 3887 strenue
945 3825 1212 3906 perquirerentur,
1243 3842 1334 3904 prae·

172 3925 249 3988 dixit
270 3925 317 3988 vir
338 3925 535 3989 doctissimus
556 3926 600 3989 eis
622 3929 819 4008 potissimum
842 3929 964 4007 verbis,
994 3949 1095 4012 quae,
1123 3930 1238 4013 quippe
1260 3948 1332 3992 cum

172 4031 404 4095 excusationem
427 4032 591 4113 quandam
613 4035 804 4111 contineant,
828 4036 913 4116 quod
927 4039 994 4099 tam
1016 4036 1138 4099 aridam
1162 4039 1195 4100 ut
1210 4036 1334 4099 videtur

171 4138 337 4202 materiem
357 4157 533 4220 proponere
554 4139 671 4216 audeo,
694 4144 834 4221 repetere
855 4141 907 4204 hic
927 4142 1136 4224 permittatur.
1179 4142 1334 4222 Loquitur

124 4291 129 4299 .
172 4244 257 4308 enim
277 4244 310 4307 in
331 4243 411 4307 Phil.
433 4247 509 4308 tom.
531 4244 628 4323 XXV,
656 4265 687 4326 p.
708 4245 750 4308 94
775 4250 807 4309 et
828 4245 884 4309 127
913 4247 1008 4312 haec:
1043 4247 1088 4326 ,ln
1115 4265 1248 4311 neuerer
1276 4248 1335 4311 zeit

1163 4353 1176 4406 1
