3012 4842
689 399 732 464 43

129 581 328 646 inveniamus
349 581 429 645 sieut
448 581 482 645 in
503 580 660 663 exemplo:
680 577 717 642 D.
739 579 788 656 35,
811 579 848 642 17
872 580 1155 645 coutroversioe-
1167 580 1286 662 quales,

129 706 161 769 p.
187 688 297 767 fldem,
335 695 363 752 et
398 709 492 770 quom
532 687 761 754 incredibiliter
801 687 1024 766 compositael:
1069 687 1124 751 uhi
1155 687 1287 754 Orellius

130 795 234 860 addit:
258 795 366 874 ,rarior
386 795 495 878 utique
517 793 691 870 obtestatio,
711 793 767 856 sed
780 792 888 874 proba,
911 813 993 874 quae
1006 794 1134 859 minime
1151 795 1289 861 debebat

130 904 163 966 in
183 901 392 984 suspicionem
413 902 543 965 vocari’:
574 900 659 983 quod
681 919 745 982 qua
768 899 806 964 de
828 919 924 965 causa
943 901 1062 965 lactum
1082 902 1138 980 sit,
1167 921 1208 966 ne
1230 923 1287 984 ego

130 1009 258 1093 quidem
278 1009 437 1090 intellege,
471 1009 546 1091 quia
566 1007 744 1072 offensionis
764 1006 841 1070 nihil
863 1007 961 1072 habet
981 1009 1158 1072 coniunctio
1179 1009 1288 1092 (Hand

130 1116 149 1178 l.
170 1114 189 1177 l.
212 1134 242 1197 p.
262 1113 333 1192 441,
352 1116 389 1190 53
411 1115 512 1202 Plaut.
533 1113 618 1178 'l'rin
642 1114 722 1194 153).
764 1133 794 1177 a.
815 1113 939 1190 litat
963 1114 1007 1177 ael
1028 1134 1157 1180 uxorem
1178 1137 1288 1181 versus

127 1242 160 1302 p.
179 1222 360 1286 memoriam
379 1223 439 1300 sui,
458 1242 491 1302 p.
507 1240 681 1285 communes
703 1220 818 1284 liberos
840 1221 953 1300 oravit,
975 1227 1102 1286 caueret
1118 1221 1289 1302 ferociam

129 1328 178 1405 111,
202 1328 250 1406 16,
271 1328 312 1392 23
337 1349 369 1409 p.
392 1330 528 1410 quiaque
557 1334 586 1392 et
614 1327 832 1409 quadruplata
854 1347 1009 1392 annorum
1031 1329 1228 1410 obsequium,
1253 1350 1286 1410 p.

130 1433 293 1516 collepiam
315 1435 558 1501 consulatus-
580 1433 714 1499 salutem
735 1433 876 1514 infelicis
895 1433 959 1512 filii
977 1453 1062 1516 rope.

268 1767 316 1850 B.
365 1767 424 1852 De
452 1766 594 1851 modali
620 1767 906 1878 praepositionis
935 1767 974 1852 vi
1001 1767 1142 1878 agitur.

210 1979 342 2044 Modalis
362 1979 600 2063 praepositionis
618 1983 755 2062 potestas
776 1983 844 2044 tam
865 1983 949 2044 arcte
972 1999 1045 2044 cum
1059 1981 1289 2046 instrumentali

129 2085 291 2162 cohaeret,
319 2088 367 2163 ut,
398 2085 527 2168 quando
550 2088 684 2167 utraque
706 2105 745 2149 ex
770 2085 881 2149 eodem
902 2085 992 2150 locali
1019 2106 1113 2150 sensu
1136 2087 1288 2169 originem

130 2189 234 2267 ducit,
265 2189 427 2274 aliquoties
463 2193 609 2256 accurate
644 2192 781 2256 distineri
821 2195 1000 2274 nequeant:
1032 2193 1140 2276 itaque
1170 2195 1203 2257 in
1228 2195 1290 2260 hae

130 2294 345 2360 dissertatione
372 2298 464 2381 plura
491 2297 652 2380 exempla,
685 2318 766 2384 quae
797 2299 838 2362 ab
862 2298 1032 2364 editoribus
1061 2303 1092 2379 et
1119 2300 1186 2364 aliis
1216 2301 1290 2365 viris

129 2403 228 2466 doctis
247 2402 366 2468 modali
388 2405 605 2486 significationi
626 2408 701 2468 sunt
724 2405 874 2486 ascripta,
896 2405 957 2470 hae
978 2404 1069 2470 illave
1087 2426 1183 2470 causa
1204 2427 1288 2472 com·

128 2511 233 2573 motus
253 2511 286 2574 in
308 2511 579 2576 instrumentalem
606 2511 721 2576 referre
749 2511 891 2594 praetuli.
937 2511 1129 2595 Principium
1158 2513 1288 2596 quidem

127 2616 221 2680 huius
248 2617 382 2681 notionis
413 2619 456 2681 ad
486 2619 619 2682 localem
652 2618 889 2700 praepositionis
920 2618 984 2681 vim
1018 2621 1194 2683 necessario
1222 2639 1288 2684 esse

128 2721 345 2787 reducendum
365 2743 404 2786 ex
426 2724 485 2802 eia,
513 2744 595 2806 quae
619 2725 789 2806 disputavi,
821 2745 878 2807 per
907 2744 941 2788 se
969 2724 1070 2789 elucet
1092 2745 1195 2809 neque
1215 2747 1288 2808 pro·
1340 2811 1345 2819 Ι

129 2829 271 2892 haverim
298 2829 446 2912 Draegeri
475 2831 679 2910 sententiam,
716 2831 770 2913 qui
802 2829 893 2912 (Hist.
917 2831 1005 2914 Synt.
1034 2853 1064 2914 p.
1085 2833 1156 2911 563,
1178 2831 1210 2914 6)
1249 2854 1287 2898 ex

128 2936 294 3018 temporali
315 2937 348 3000 id
363 2936 572 3001 derivandum
589 2923 654 3002 esse
669 2938 832 3002 contendit
845 2939 893 3002 his
910 2939 1029 3002 verbis:
1053 2939 1288 3022 ,Ursprr'inglich

129 3060 197 3106 war
217 3042 317 3106 damit
337 3043 422 3107 wohl
444 3044 494 3107 die
514 3045 620 3108 Dauer
640 3046 724 3108 eines
732 3044 906 3109 Zustandes
919 3046 1111 3126 angegehen,
1133 3047 1286 3110 walnend

130 3148 240 3212 dassen
261 3152 359 3214 etwas
380 3149 564 3231 geschieht’:
593 3171 669 3215 nam
690 3153 804 3216 falsum
837 3172 903 3216 esse
933 3153 998 3216 eius
1029 3153 1194 3231 iudicium,
1223 3155 1287 3218 iam
1376 3200 1379 3206 -
1490 3193 1491 3250 3

129 3254 266 3337 primum
287 3256 482 3338 exemplum,
516 3258 602 3338 quod
626 3259 718 3322 affert
746 3259 792 3323 vir
818 3259 931 3324 doctus
959 3279 998 3323 ex
1018 3258 1120 3323 Plaul.
1142 3259 1204 3323 Mil.
1225 3262 1286 3326 979

131 3365 174 3438 ,ut
194 3363 289 3427 abeat
309 3382 365 3446 per
386 3363 545 3446 gratiam',
568 3349 784 3428 demonstrare
806 3366 945 3444 videtur,
975 3385 1045 3430 curn
1068 3366 1110 3429 ihi
1133 3370 1286 3430 nontam

129 3468 250 3534 dicatur
282 3470 333 3548 ,sie
360 3471 440 3552 gelre
466 3471 542 3548 fort,
576 3491 610 3534 so
639 3471 733 3551 lange
762 3472 812 3535 die
838 3471 918 3536 Gute
951 3473 1079 3551 wthrt’,
1114 3493 1212 3555 quam
1234 3473 1286 3552 ,sie

129 3573 209 3654 gehe
226 3576 288 3639 fort
308 3580 365 3642 auf
382 3579 456 3642 dem
479 3579 578 3659 Wege
600 3577 701 3642 durch
722 3577 771 3643 die
793 3578 874 3643 Gute
895 3580 960 3658 hin,
982 3579 1038 3643 mit
1065 3579 1154 3645 Girte’
1188 3584 1285 3663 atque

129 3679 173 3742 ita
194 3682 323 3746 omnino
342 3686 439 3767 accipi
461 3685 554 3749 dehet
570 3684 702 3749 modalis
721 3685 776 3749 vis.
818 3685 1047 3763 Quaerentibus
1061 3689 1168 3751 autem
1186 3686 1285 3766 nobie,

129 3788 184 3868 qui
206 3786 274 3850 fieri
296 3791 441 3870 potuerit,
463 3795 498 3855 ut
518 3792 705 3874 praepositio
727 3792 824 3856 talem
843 3793 876 3856 in
898 3813 930 3857 se
952 3795 1102 3876 receperit
1114 3794 1286 3870 notionem,

128 3893 161 3956 id
180 3912 305 3976 semper
326 3898 499 3960 tenendum
521 3901 577 3976 est,
600 3918 670 3962 eam
685 3917 750 3962 non
772 3900 805 3962 in
823 3899 890 3980 ipsa
909 3901 1023 3964 vocula
1044 3898 1151 3976 latere,
1172 3900 1287 3982 quippe

129 4019 212 4082 quae
239 4020 339 4066 unam
366 4003 452 4068 illam
478 4004 608 4070 localem
635 4007 700 4068 vim
737 4009 910 4084 conservet,
945 4006 1000 4070 sed
1028 4007 1132 4088 potius
1160 4007 1193 4069 in
1222 4007 1287 4069 eius

129 4109 363 4192 compositione.
421 4110 577 4175 Locorum
620 4112 869 4177 distributionem
907 4113 951 4177 ita
987 4113 1123 4192 institui,
1161 4118 1197 4177 ut
1228 4115 1286 4178 sub

128 4215 219 4280 litera
