3012 4842
796 395 837 464 th

231 577 296 657 Xll,
318 579 356 642 12
384 598 414 661 p.
443 577 510 642 illas
541 581 658 659 gentes.
708 575 825 643 Verum
857 579 1004 662 equidem
1033 581 1135 665 potius
1166 583 1383 668 praepositioni

232 685 368 750 eandem
397 684 462 748 vim
489 684 729 766 assignaverim,
767 706 865 769 quam
903 691 989 753 tenet
1015 709 1087 753 cum
1123 691 1220 755 verbo
1256 691 1382 770 ‘licendi’

232 791 365 869 sociata,
388 794 428 869 et,
451 793 488 854 ut
508 775 720 874 respondeant
741 791 798 855 sibi
820 794 1001 872 enuntiata,
1032 799 1103 878 post
1130 815 1241 862 vocem
1265 817 1384 880 ‘quam-

231 899 336 981 quam’
361 917 417 961 seu
439 897 557 976 ‘beatos
577 917 643 962 esse
663 898 761 962 liceat’
784 919 839 964 seu
875 900 968 979 ‘beati
985 921 1051 965 esse
1071 902 1245 968 videantur'
1280 907 1384 968 mente

231 1005 426 1070 addiderim:
459 1021 597 1085 quocum
635 1003 853 1087 supplemento
886 1006 1003 1088 optime
1036 1009 1202 1073 convenire
1232 1009 1384 1087 videntur,
1476 1081 1477 1094 ¹

230 1132 312 1195 quae
332 1113 439 1176 statim
461 1111 609 1194 leguntur
623 1111 735 1175 verba:
758 1112 792 1190 ⁶si
811 1111 854 1176 illi
875 1131 1002 1193 gravem
1024 1113 1185 1180 fortunam
1208 1117 1384 1183 constanter

229 1219 379 1297 tolerent,
402 1218 435 1282 hi
455 1237 605 1301 prospera
625 1217 798 1283 inconsulte
825 1219 982 1295 utuntur’;
1024 1219 1091 1298 XV,
1115 1223 1141 1300 1,
1166 1223 1205 1286 10
1233 1223 1385 1304 Tipraacs
1476 1217 1477 1224 '

229 1325 412 1391 Adiabenos
438 1360 469 1369 --
497 1325 595 1388 latias
618 1343 656 1388 ae
679 1323 802 1388 diutius
824 1341 918 1404 qaam
938 1342 969 1406 p.
993 1326 1164 1392 latrocinia
1187 1327 1241 1410 (sc.
1262 1333 1383 1395 vastare

227 1433 310 1517 licet)
333 1439 533 1499 vastaverat:
555 1431 610 1496 ubi
631 1450 793 1514 compares
812 1452 929 1515 quaeso
944 1434 1123 1517 exemplum
1137 1455 1156 1500 a
1169 1435 1328 1518 Draegero
1340 1437 1384 1501 l.l.

229 1562 259 1623 p.
283 1541 320 1604 15
342 1539 369 1622 §-
394 1541 432 1604 37
454 1559 492 1604 ex
512 1539 543 1604 h.
566 1537 614 1619 llI,
635 1540 675 1603 53
695 1539 914 1622 desumptum:
949 1540 1061 1620 ‘literas
1087 1543 1129 1607 ad
1157 1541 1385 1628 Vespasianum

229 1647 404 1730 composuit
424 1646 592 1710 iactantius
614 1665 712 1728 quarn
735 1647 777 1710 ad
797 1647 971 1729 principem
992 1645 1045 1728 (sc.
1067 1650 1214 1732 componi
1235 1647 1356 1732 decell’.

330 1775 358 1818 a.
386 1753 509 1833 11113,
533 1755 571 1818 18
601 1772 707 1818 eoram
731 1789 767 1798 -—
792 1755 847 1834 qai
867 1751 1064 1835 †Gapitolio
1093 1763 1123 1820 et
1151 1777 1212 1821 ara
1239 1757 1385 1822 Romana

228 1862 375 1927 manibus
396 1861 564 1926 eorundem
581 1881 615 1941 p.
639 1881 673 1925 se
693 1859 834 1924 satis**:
856 1860 924 1925 loco
937 1863 1136 1926 vexatissimo
1157 1865 1270 1928 111111
1291 1865 1385 1929 doctis

227 1969 385 2034 medelam
407 1989 459 2034 me
480 1987 607 2051 quoque
629 1967 741 2032 afferre
763 1987 829 2032 non
850 1987 941 2050 posse
962 1969 1120 2051 profiteor.

309 2075 342 2158 d)
364 2075 399 2138 ln
420 2076 483 2140 fine
504 2074 598 2138 huius
618 2073 791 2157 particulae
818 2074 914 2138 trium
941 2076 1154 2159 exemplorum
1177 2079 1299 2142 mentio
1321 2079 1385 2156 fiat,

225 2182 258 2246 in
280 2182 394 2266 quibus
414 2181 588 2245 secundum
610 2180 743 2244 aliorum
764 2181 950 2262 scriptorum
972 2202 1063 2246 usum
1086 2183 1292 2267 praepositio
1315 2201 1385 2250 oum

228 2287 369 2370 parandi,
405 2283 570 2366 testandi,
607 2283 757 2366 rogandi'
795 2285 907 2352 verbis
944 2289 1159 2372 componitur.
1217 2283 1385 2358 Notionem

224 2396 320 2460 etiam
340 2396 392 2460 hic
412 2413 469 2477 pro
491 2393 722 2458 instrumentali
735 2413 801 2458 esse
816 2394 999 2458 hahendam
1016 2395 1147 2460 libenter
1166 2399 1385 2476 concedemus,

225 2505 249 2567 si
271 2501 519 2586 reputaverimus
540 2502 740 2566 enuntiatum
762 2520 827 2584 ‘per
848 2501 960 2566 liberos
982 2503 1045 2567 oro’
1081 2503 1156 2568 nihil
1182 2505 1272 2570 aliud
1292 2507 1385 2588 signi·

224 2612 319 2676 ficare
339 2609 414 2674 nisi:
443 2607 626 2672 vermittelst
650 2607 706 2672 der
733 2607 852 2672 Kinder
879 2608 956 2672 bitte
985 2609 1053 2686 ich,
1086 2629 1151 2692 (per
1178 2609 1286 2676 lovem
1308 2611 1383 2676 iuro'

223 2717 300 2782 nihil
327 2716 413 2781 aliud
441 2715 515 2779 nisi:
550 2716 606 2779 mit
635 2713 730 2778 Hsrlfe
762 2715 817 2779 des
847 2715 926 2778 Zeus
952 2713 1093 2780 schwdre
1123 2716 1173 2780 ich
1211 2717 1231 2780 i.
1261 2737 1289 2783 e.
1314 2719 1385 2782 love

221 2824 449 2901 intercedente,
480 2823 559 2887 lovis
585 2822 699 2887 auxilio
727 2823 902 2887 orationem
930 2841 1037 2887 meam
1064 2823 1204 2902 affirmo,
1238 2823 1271 2890 id
1299 2825 1386 2909 quod

222 2933 292 2998 luce
321 2932 434 2996 clarius
460 2930 596 3012 intellegi
619 2930 705 3007 licet,
737 2930 763 2992 si
790 2950 841 3008 ea,
875 2950 958 3012 quae
989 2931 1113 2994 iurandi
1140 2931 1278 2996 verbum
1311 2932 1385 2996 suh

222 3042 415 3122 sequuntur,
453 3038 631 3102 accusativo
669 3056 695 3100 c.
729 3037 783 3102 inf.
815 3040 889 3100 sunt
921 3057 1074 3120 expressa.
1133 3038 1258 3103 Pettius
1291 3039 1386 3122 igitur

222 3146 391 3213 rectissime
421 3145 498 3208 mihi
521 3144 541 3207 l.
577 3143 595 3206 l.
631 3165 661 3226 p.
691 3144 754 3208 470
795 3144 971 3226 exposuisse
1011 3144 1134 3209 videtur
1169 3145 1278 3210 haecz'
1313 3147 1385 3226 ‘Das

222 3255 394 3320 Schwdren
416 3251 516 3316 durch
538 3250 613 3315 Gott
633 3283 673 3294 -
693 3251 814 3315 scheint
836 3251 901 3315 dies
920 3253 1079 3316 andeuten
1100 3271 1138 3316 zu
1159 3251 1278 3332 sollen‚
1312 3254 1385 3320 dasz

222 3381 298 3428 man
326 3361 359 3424 in
390 3357 510 3423 Betreff
539 3358 595 3422 der
624 3357 790 3423 Wahrheit
823 3358 877 3422 des
910 3358 1161 3423 Beschworenen
1199 3357 1251 3423 die
1288 3361 1384 3426 inter-

221 3468 406 3545 veniremus,
428 3465 645 3530 vermittelnde
658 3464 874 3546 Betheiligimg
890 3465 946 3530 der
957 3464 1097 3530 Gottheit
1118 3465 1163 3528 als
1173 3465 1385 3551 Bestiitigerin

221 3575 383 3640 derselben
404 3571 599 3637 herbeisseht.
626 3571 756 3636 Durch
777 3571 821 3635 sie
841 3570 897 3635 soll
917 3571 983 3636 sich
1004 3570 1246 3650 herausstelleu,
1269 3573 1313 3637 oh
1333 3574 1385 3638 ich

220 3683 310 3748 wahr
340 3681 414 3744 rede
446 3679 523 3743 oder
556 3679 662 3744 nicht'.
712 3677 806 3756 Quod
841 3680 948 3742 autem
988 3677 1122 3756 prandi,
1161 3679 1311 3742 testandi’
1344 3679 1384 3743 al.

220 3788 376 3856 vocabula
397 3787 507 3852 crebro
528 3787 561 3850 in
582 3787 643 3851 hac
664 3806 697 3850 re
709 3786 809 3851 omitti
823 3784 933 3864 solent,
956 3804 1022 3849 non
1034 3785 1126 3849 valde
1140 3785 1385 3866 admirabimur,

221 3897 373 3980 quoniam
405 3895 446 3973 is,
483 3893 537 3976 qui
565 3893 647 3957 iurat
686 3894 819 3957 testatur
858 3893 940 3968 orat,
976 3907 1070 3972 saepe
1097 3891 1152 3954 tali
1180 3911 1254 3954 cum
1284 3892 1385 3956 animi

222 4003 428 4068 concitatione
450 4000 602 4084 loquitur,
632 4001 671 4086 ut
688 4000 753 4064 eius
774 4002 900 4062 tantum
921 4015 1055 4075 nornen,
1090 4014 1147 4078 per
1175 4015 1274 4078 quem
1299 3998 1385 4063 iurat

218 4111 274 4190 al,
301 4109 405 4174 dicere
432 4109 546 4192 possit:
578 4125 642 4188 quo
667 4124 727 4169 usu
758 4105 853 4168 semel
885 4103 948 4168 lixo
985 4123 1023 4168 ac
1055 4102 1180 4167 firmato
1210 4105 1384 4170 manifesto

215 4217 366 4302 sequitur,
388 4218 424 4279 ut
437 4212 487 4278 vel
508 4212 559 4292 ibi,
581 4213 635 4278 ubi
651 4212 783 4296 quietior
796 4213 842 4274 est
855 4209 1032 4290 obtestatio,
1052 4210 1185 4274 verbum
1197 4211 1384 4292 neglectum
