3012 4842
577 371 731 434 '11

132 569 286 634 usurpare
308 549 444 644 assuevit
464 546 636 630 (Wdliilin,
658 547 738 612 Phil.
760 546 857 626 XXV,
878 567 909 630 p.
933 548 992 613 116
1014 550 1092 633 int).
1141 551 1215 618 Loci
1237 553 1301 618 hnc

133 643 311 741 spectantes
332 658 408 720 sunt
429 654 479 718 hi:
501 654 532 718 h.
555 654 591 732 ll,
611 654 661 733 XO,
684 655 702 718 i
738 652 875 718 Coccina
900 690 934 699 -
961 656 1100 722 modesto
1123 659 1248 740 apmiuc
1266 679 1300 738 p.

132 763 265 828 Italiam
287 761 433 840 incessit;
455 761 505 839 90,
525 759 683 838 41tulia,
703 780 736 840 p.
760 781 855 842 quam
876 761 1068 843 incesserat,·
1090 783 1119 828 a.
1143 763 1191 842 ΠΙ,
1201 766 1300 846 31,19

128 869 274 950 plurimu
292 866 481 948 pitatium
502 867 622 930 itinera
646 901 685 912 -
705 867 904 946 interrupta:
925 868 980 932 ubi
1001 872 1182 952 exspectare
1202 871 1301 953 possis

132 977 265 1040 verbum
294 973 421 1056 aliquod
451 992 516 1038 esse
537 972 722 1038 addendum
744 991 771 1036 e.
793 992 818 1038 c.
853 973 974 1052 ,itinera
1004 995 1087 1058 quae
1115 998 1146 1058 p.
1177 976 1301 1049 Italiam
1387 996 1390 1004 ·

133 1081 240 1146 ferunt
260 1080 325 1146 sive
348 1078 507 1156 ferentia’,
537 1079 570 1142 id
595 1077 682 1160 quod
710 1077 861 1142 hocloco
884 1098 922 1143 eo
943 1082 1045 1162 magis
1065 1083 1167 1146 omitti
1188 1075 1307 1165 potuit,

132 1188 208 1269 quia
237 1187 271 1250 in
300 1204 377 1250 voce
406 1184 535 1264 ,itinera’
573 1183 722 1249 movendi
750 1184 838 1248 notio
869 1184 1028 1250 luculente
1056 1187 1145 1251 inest.
1194 1187 1300 1266 Quam

132 1293 265 1358 libenter
284 1294 392 1356 autem
413 1310 488 1354 usus
505 1291 545 1354 sit
555 1289 759 1354 Tacitustali
780 1292 1023 1370 constructione,
1044 1293 1173 1358 minime
1196 1294 1300 1360 aliena

133 1419 153 1464 a
174 1400 261 1464 bona
280 1400 405 1475 aetate,
433 1397 555 1479 egregie
582 1396 726 1479 exposuit
752 1397 887 1462 Rothius
899 1397 937 1480 ¹),
973 1398 1021 1464 vir
1040 1399 1158 1482 optime
1179 1400 1218 1464 de
1237 1400 1300 1465 hoc

12 1547 15 1550 -
132 1504 282 1588 scriptore
302 1505 449 1580 merituS,
479 1504 512 1568 in
542 1522 674 1568 excursu
696 1503 793 1581 XXV,
817 1504 832 1568 1
856 1507 888 1568 et
908 1507 926 1568 3
947 1505 1112 1586 Agricolae
1135 1505 1218 1570 vitae
1240 1505 1298 1570 ad-

133 1611 212 1676 iecto
235 1609 284 1692 (cf.
307 1611 339 1674 h.
361 1609 411 1686 IV,
433 1609 484 1687 24,
501 1609 523 1672 4
543 1609 688 1674 maximis
710 1629 740 1691 p.
761 1609 864 1691 ripam
884 1609 1068 1692 itineribus).
1090 1611 1121 1675 h.
1144 1611 1193 1689 ΙΙΙ,
1203 1611 1300 1689 7800

133 1737 172 1780 na
201 1715 339 1780 Petilius
376 1715 502 1794 quidem
530 1749 568 1759 -
606 1720 641 1779 ui
677 1716 871 1780 transuersis
910 1716 1081 1782 itineribus
1115 1737 1149 1797 p.
1186 1737 1301 1798 aprum

133 1821 287 1902 Sabinam
308 1820 442 1886 Salaria
470 1823 525 1887 oia
552 1820 661 1885 urbam
689 1821 854 1900 introiret,
883 1822 966 1885 satis
992 1829 1229 1887 maturaverat:
1259 1843 1300 1888 ne

132 1929 230 1992 verba
258 1949 296 2010 ,p
325 1947 437 2009 agrum
468 1927 632 1992 Sabinum’
670 1926 714 1990 ad
744 1946 855 1991 vocem
891 1927 1068 2006 introiret,
1109 1929 1165 1992 sed
1195 1929 1299 2011 potius

132 2034 327 2112 {transversis
356 2034 527 2098 itineribus’
553 2033 743 2112 referamus,
772 2037 804 2096 et
831 2032 992 2098 vocabulis
1021 2033 1152 2112 ,Salaria
1174 2035 1234 2099 ria’
1268 2038 1300 2099 et

133 2139 342 2202 antecedente
365 2137 435 2202 loco
455 2139 529 2202 satis
551 2138 735 2202 cohibemur
758 2137 808 2220 (of.
830 2157 869 2202 ea
895 2137 1203 2220 queaeramus
1224 2143 1299 2204 sunt

132 2242 236 2325 dicta).
257 2244 307 2321 lV,
329 2245 378 2322 70,
402 2245 422 2308 9
443 2245 522 2326 tepio
545 2243 756 2324 Vindonissa,
780 2243 934 2308 Sextilius
950 2243 1094 2308 Falic-
1101 2265 1135 2324 p.
1146 2245 1298 2311 Raetiam

132 2351 298 2430 inruptum
331 2369 360 2413 a.
382 2349 430 2427 ΙΙΙ,
452 2351 482 2427 9,
504 2351 523 2414 i
554 2350 632 2416 Pisa
662 2350 848 2414 Dalmatico
876 2349 962 2414 mari
991 2353 1181 2418 transmisso
1204 2385 1244 2398 -
1262 2372 1297 2432 p.

134 2455 288 2521 Picenum
310 2475 348 2520 aa
370 2476 443 2521 mor
463 2455 667 2520 Flaminium
685 2459 771 2520 oium
793 2457 981 2538 adscquitur
1011 2457 1179 2538 lepiancm:
1211 2459 1297 2540 quod

132 2563 219 2628 deest
237 2563 289 2628 hic
310 2563 407 2627 eundi
427 2562 557 2645 aliquod
578 2563 786 2639 vocabulum,
818 2567 945 2646 propter
974 2563 1099 2628 dicendi
1128 2567 1296 2628 consuetu-

132 2669 238 2733 dinem
260 2669 423 2734 'faciteam
443 2688 539 2732 nemo
560 2668 692 2734 moleste
711 2669 797 2732 feret.
843 2669 927 2733 Nam
956 2672 1180 2751 praeterquam
1210 2669 1297 2750 quod

131 2775 257 2840 Tacitus
283 2775 463 2859 saepissime
493 2775 608 2838 omitt't
640 2794 751 2839 vocem
785 2775 901 2853 ,esse’·,'
932 2775 1027 2838 etiam
1060 2774 1157 2839 verba
1191 2775 1295 2854 eundi,

131 2881 280 2948 movendi
302 2881 345 2944 al:
367 2900 484 2964 ponere
508 2880 596 2944 haud
616 2900 689 2944 raro
710 2880 863 2961 neglegit,
881 2879 913 2946 id
936 2881 1040 2962 quod,
1065 2883 1101 2943 ut
1120 2879 1296 2962 Draegerus

131 2989 150 3052 Ι.
161 2988 180 3051 Ι.
195 3009 226 3070 p.
242 2988 281 3051 14
301 2991 333 3051 et
353 2986 386 3050 in
408 2987 487 3050 libro
507 2986 551 3050 sic
571 2987 736 3067 inscripto:
761 2985 1092 3068 ,HistorischeSyntax
1112 2985 1168 3050 der
1189 2987 1297 3052 latein.

130 3093 277 3177 Spracbe’
299 3115 330 3176 p.
346 3094 402 3158 171
420 3113 467 3175 sq.
491 3093 597 3171 docet,
619 3112 713 3175 saepe
734 3094 767 3155 in
788 3092 945 3156 Ciceronis
966 3092 1117 3175 epistolis
1140 3093 1296 3156 rarissime

130 3200 216 3281 apud
233 3201 424 3278 Sallustium,
445 3199 578 3276 Livium,
601 3218 769 3281 nunquam
791 3200 877 3282 apud
890 3199 1059 3262 (tamarem
1081 3199 1296 3280 Velleiumque

128 3309 290 3389 reperitur.
346 3307 450 3383 Quam
487 3306 708 3381 omissionem,
750 3307 872 3388 quoties
911 3305 944 3368 in
975 3304 1205 3387 praepositione
1239 3323 1296 3386 per

128 3413 347 3477 tractandam
371 3431 443 3476 eam
459 3412 644 3490 incidemus,
666 3430 731 3474 non
751 3431 877 3493 semper
899 3411 1013 3476 diserte
1033 3411 1294 3474 memorabimus:

128 3520 252 3602 saepius
281 3522 389 3583 autem
415 3518 516 3599 magis
542 3521 651 3581 nostro
677 3518 803 3600 ingenio
829 3537 928 3599 quam
953 3518 1052 3580 latino
1080 3517 1142 3580 tale
1169 3516 1295 3598 supple-

129 3629 273 3688 mentum
294 3626 506 3688 nccessarium
528 3622 695 3698 videatur..
714 3622 737 3700 Ι,
745 3624 823 3702 60,5
846 3622 1016 3688 Caecinam
1040 3658 1062 3666 --
1073 3621 1294 3701 pBructaras

129 3732 172 3796 ad
199 3733 314 3801 ttamen
341 3731 502 3794 Amisiam
533 3732 646 3808 mittit,
695 3731 829 3810 equitem
851 3729 937 3793 Pedo
961 3729 1148 3808 praefactus
1170 3725 1294 3808 finibus

127 3839 310 3906 Frisiorum
341 3837 445 3901 ducii:
486 3837 641 3900 ablativus
670 3854 797 3917 prorsus
825 3835 894 3917 pari
930 3835 999 3900 loco
1031 3835 1151 3918 positus
1183 3836 1230 3897 est
1257 3853 1295 3899 ac

197 4083 224 4150 1)
242 4081 270 4135 G.
289 4077 408 4136 Cornelii
427 4077 568 4132 Tacitide
587 4076 645 4132 vita
664 4078 693 4131 et
710 4075 832 4130 moribus
850 4075 896 4131 Cn.
921 4075 987 4128 iulii
1010 4066 1156 4144 Agricolae
1174 4075 1292 4130 libellus

126 4168 179 4224 Mit
196 4167 417 4236 Erliiuterungon
436 4183 463 4218 u.
482 4163 625 4220 uxkursen
641 4179 695 4218 ron
714 4161 742 4218 0.
760 4162 789 4226 L,
809 4162 891 4216 Roth.
909 4161 1057 4234 Niirnberg
1078 4161 1154 4214 1833.
