3012 4842
720 383 760 448 16

164 565 220 630 sed
241 566 275 629 iu
297 564 420 630 uallum
442 563 636 645 reipublicae
657 582 749 628 usum
771 561 940 628 ambitiosa
962 571 1060 630 marte
1083 566 1320 634 inclaruerunt:

163 672 216 736 ubi
239 668 375 736 Rothius
396 671 416 734 l.
438 671 457 736 l.
480 690 510 753 p.
533 671 593 734 138
615 670 696 734 haec
714 673 864 735 annotat:
893 671 964 750 ,Das
985 671 1092 753 Mittel,
1115 675 1323 757 wodurchsie

162 777 228 842 sich
249 779 340 842 einen
362 777 486 842 Namen
506 777 654 858 gemacht
675 776 791 854 haben,
812 776 851 841 ist
871 777 914 842 im
928 777 1000 843 Abl.
1021 781 1213 862 angegeben.
1244 783 1323 848 Was

162 885 201 948 ist
224 885 309 950 dean
330 886 408 949 aber
429 905 459 967 p.
481 884 640 966 abrupta?
677 883 712 946 ln
730 884 790 969 ¹die
818 883 1033 967 Praeposition
1060 886 1100 950 ist
1126 888 1182 952 der
1207 887 1327 970 Begriff

163 993 218 1057 des
239 992 480 1073 Lebensganges
495 990 625 1073 ¹gelegt;
661 1009 718 1072 per
741 991 780 1054 ist
805 991 901 1054 soviel
927 992 974 1056 als
1001 993 1136 1058 nitentes
1161 995 1238 1059 oder
1264 995 1323 1060 nisi

162 1119 232 1182 per:
256 1099 314 1162 m'e
333 1097 475 1162 dasselbe
498 1096 581 1160 auch
599 1097 684 1161 Ann.
707 1098 735 1174 3,
757 1098 793 1173 93
819 1098 902 1176 16‚5
923 1097 991 1162 eine
1012 1099 1117 1164 solche
1136 1101 1324 1184 Bedeutung

163 1206 246 1271 hat’:
268 1206 370 1270 omitti
392 1204 505 1284 ,eundi’
529 1222 641 1268 vocem
659 1205 797 1268 maxime
818 1204 850 1268 in
871 1204 932 1269 hac
947 1207 1178 1289 praepositione
1199 1210 1324 1292 saepius

18 1311 31 1332 ⁸
163 1313 227 1378 iam
248 1313 384 1377 vidimus
409 1314 441 1375 et
467 1311 594 1390 Ritteri,
626 1310 838 1392 explicationi:
885 1312 1131 1391 ,inclarescentes
1168 1320 1325 1380 venerunt

164 1440 194 1504 p.
218 1419 363 1502 abrupta’
393 1417 501 1481 libenti
528 1417 634 1482 animo
655 1417 881 1481 assentiemur:
910 1422 1049 1483 ceterum
1076 1421 1209 1486 similem
1237 1443 1324 1488 com-

164 1525 350 1608 positionem
370 1525 430 1589 sub
451 1523 491 1601 A,
512 1524 533 1587 b
564 1523 596 1587 in
627 1543 656 1588 a.
675 1524 726 1602 IV,
749 1523 800 1602 15,
822 1525 841 1588 6
863 1545 913 1607 ·,p.
941 1526 1075 1610 derupta
1102 1532 1134 1593 et
1163 1531 1242 1595 avia’
1275 1529 1324 1609 Vl,

164 1633 213 1710 il,
236 1633 255 1696 3
274 1631 518 1696 observavimus.
554 1631 586 1694 h.
608 1630 658 1708 lV,
678 1632 706 1709 7,
728 1633 748 1696 i
774 1631 997 1714 paulatimque
1022 1655 1054 1715 p.
1088 1635 1324 1702 altercationem

165 1738 209 1803 ad
237 1740 404 1806 continuas
432 1744 462 1804 el
488 1737 625 1820 iufestas
654 1739 815 1804 motiones
848 1741 1086 1820 prouectisaut
1119 1740 1232 1822 (durch
1260 1745 1324 1808 den

164 1845 390 1912 Wartwechsel
406 1843 578 1922 hindurch,
600 1864 674 1908 vom
695 1844 747 1909 W.
767 1846 876 1910 weiter
895 1845 962 1925 zu);
992 1848 1028 1927 V,
1051 1849 1080 1926 1,
1106 1851 1144 1913 18
1167 1851 1325 1932 pleraque

165 1952 345 2017 caelestium
375 1952 461 2015 aiam
489 1971 581 2015 suam
615 1957 644 2015 et
674 1970 801 2015 cursum
832 1954 982 2032 septimos
1006 1973 1042 2034 p.
1070 1975 1218 2021 uumerus
1245 1977 1323 2022 com·

153 2065 280 2139 ·mcant;
301 2078 329 2122 a.
352 2057 401 2137 Ill,
422 2058 473 2136 51,
497 2060 535 2123 19
562 2059 630 2122 eila
651 2059 766 2139 populi
788 2059 927 2124 Romani
949 2081 982 2141 p.
1013 2062 1134 2127 iuacrta
1163 2064 1265 2129 maris
1294 2072 1324 2130 ct

167 2172 382 2247 tempestatum
406 2165 519 2230 cotidie
540 2166 694 2246 uoluitur,·
715 2165 765 2243 IV,
785 2167 835 2244 41,
857 2168 877 2230 8
899 2167 1127 2249 literarumque
1147 2191 1263 2252 maqua
1285 2193 1324 2236 ea

163 2281 257 2354 parte
278 2294 311 2338 se
331 2273 489 2337 arbitrum
507 2272 593 2352 fare,
623 2292 691 2336 cum
706 2293 742 2352 p.
765 2273 883 2338 milites
902 2282 1108 2340 commearent
1138 2275 1251 2359 (durch
1274 2278 1324 2342 die

166 2379 279 2444 Hinde
301 2381 356 2444 der
377 2378 438 2460 S.);
467 2378 547 2458 XVI,
572 2379 618 2457 17,
644 2379 682 2443 10
703 2379 923 2461 adquirendae
938 2384 1094 2462 pecuniae
1117 2383 1242 2450 breuius
1263 2387 1324 2450 iter

166 2487 311 2552 credebat
327 2507 362 2568 p·
377 2489 622 2567 procurationes
643 2487 912 2553 administrandis
927 2490 1089 2571 principis
1111 2493 1255 2574 ueqatiis.

599 2783 887 2792 m

281 3069 334 3165 ll.
393 3068 493 3191 ¹Par'
531 3095 666 3167 sensu
702 3068 945 3188 temporali
983 3071 1194 3190 positum.

246 3340 342 3405 Haud
373 3359 461 3405 secus
494 3357 532 3404 ac
562 3341 684 3404 ceteras
716 3339 780 3404 sere
812 3359 921 3404 omnes
954 3343 1197 3424 praepositiones
1225 3347 1321 3412 etiam

167 3447 238 3531 ,per’
259 3447 403 3511 voculam
432 3446 471 3511 de
495 3448 638 3529 tempore
667 3445 810 3528 usurpari
842 3465 862 3510 a
889 3447 1044 3512 Romanis
1071 3468 1109 3512 eo
1140 3453 1240 3534 magis
1268 3473 1321 3518 ex·

165 3551 307 3638 spectare
327 3553 446 3630 licebit,
478 3552 568 3634 quia,
594 3555 630 3616 ut
651 3551 799 3628 vidimus,
829 3555 934 3616 motus
955 3553 1042 3617 notio
1065 3555 1093 3617 ei
1112 3557 1255 3638 primitus
1276 3563 1323 3624 est

165 3661 257 3726 insita
293 3659 457 3741 omnisque
492 3662 596 3723 motus
630 3658 778 3741 temporis
814 3657 994 3737 cuiusdam,
1032 3681 1097 3743 quo
1132 3665 1321 3747 perficiatur,

165 3768 296 3848 indiget:
329 3786 393 3849 qua
421 3766 461 3830 de
490 3785 585 3831 causa
618 3784 683 3830 non
712 3765 913 3844 mirabimur,
944 3767 969 3829 si
1007 3767 1145 3834 diversas
1176 3773 1320 3854 1111101111,

166 3876 280 3959 quibus
301 3871 563 3957 praepositionem
585 3871 674 3936 locali
696 3890 791 3935 sensu
816 3871 990 3936 adhibitam
1016 3893 1083 3939 esse
1104 3877 1320 3958 intelleximus

165 3983 207 4047 ad
226 3985 350 4064 tempus
371 3998 499 4063 quoque
521 3977 689 4042 translates
709 3979 907 4061 reperiemus,

246 4087 288 4170 A)
310 4088 420 4169 ltaque
441 4086 519 4150 sicut
540 4084 656 4148 indicat
676 4084 862 4168 praepositio
882 4085 996 4166 locum,
1019 4108 1114 4170 quem
1131 4090 1200 4184 quis
1217 4093 1321 4156 totum
1394 4157 1397 4164 ,

163 4198 321 4280 pemreat,
355 4194 399 4258 ita
419 4193 461 4258 ad
485 4196 610 4276 tempus
636 4192 781 4256 traducta
807 4191 839 4256 id
867 4193 1005 4274 spatium
1030 4194 1202 4277 significat,
1235 4199 1321 4280 quod
