3012 4842
700 411 736 476 31

140 596 279 664 tartarce
300 594 395 660 rebus
424 591 549 657 alacres
580 596 609 655 el
632 610 665 670 p.
695 589 818 654 incerto
843 587 1013 666 tutissimc‘,·
1057 607 1085 652 a.
1114 585 1303 665 X1‚15‚1o

136 705 279 788 pretium
315 700 532 781 referendam,
577 718 615 761 ne
651 697 735 760 ritus
763 730 798 740 --
832 695 915 760 inter
955 693 1104 776 orabipuo
1141 693 1235 772 culti,
1265 711 1301 772 p.

137 831 296 893 prospero
316 809 578 884 obliterarealur,¹
604 804 697 881 luta
710 819 743 883 p.
757 802 842 868 laetu
855 818 885 881 p.
902 801 1039 866 adversa
1061 821 1113 866 res
1126 801 1303 866 Otrerascus

141 917 348 999 adflictobnl3
383 911 463 993 XVI,
485 913 534 992 29,
560 913 574 975 1
599 931 668 977 cura
689 927 719 992 p.
741 909 817 977 lrcec
841 916 935 990 atque
957 907 1039 974 tolio
1062 908 1241 973 Marcellus
1264 942 1302 953 -

142 1026 242 1092 oculis
270 1025 476 1089 ardesceret.-

577 1292 866 1303 -.—..-.-.-———-—-—

276 1584 351 1680 ΙΠ.
400 1543 499 1705 ,ier
530 1607 666 1680 sensu
702 1578 929 1678 translato
967 1583 1179 1700 positum.

225 1805 297 1884 Quo
320 1805 440 1887 longius
461 1803 579 1868 recedit
600 1803 708 1884 lingua
735 1801 887 1884 oprimis
914 1800 1113 1868 incunabulis
1141 1809 1237 1889 atque
1264 1811 1306 1874 ad

144 1913 306 1978 cultiorem
328 1910 451 1976 dicendi
473 1911 652 1975 ubertatem
674 1909 870 1992 progreditur
894 1908 1112 1990 formandam,
1143 1932 1181 1976 eo
1205 1916 1305 1996 magis

144 2040 183 2084 ex
203 2020 370 2096 concretis,
392 2020 429 2081 ut
446 2017 508 2081 hac
529 2035 606 2082 voce
628 2019 717 2094 utar,
739 2015 910 2079 verborum
931 2016 1110 2081 notionibus
1131 2017 1305 2087 abstractas

144 2144 327 2208 expromere
357 2127 387 2188 et
414 2123 455 2188 ad
484 2122 743 2187 consuetudinem
773 2141 863 2185 suam
885 2125 995 2204 aptare
1016 2124 1137 2188 studet:
1165 2127 1197 2191 id
1218 2131 1305 2210 quod

144 2251 221 2314 prae
249 2231 315 2294 aliis
345 2221 510 2294 observare
538 2229 609 2293 licet
634 2229 667 2291 in
704 2227 1003 2310 praepositionibus,
1038 2250 1136 2312 quae,
1174 2237 1304 2316 quando

144 2338 332 2422 procedente
354 2337 461 2418 lingua
481 2336 582 2418 magis
605 2335 767 2417 magisque
795 2334 836 2399 ad
862 2337 1113 2416 compensandus
1138 2357 1228 2405 casus
1250 2343 1305 2408 de·

144 2446 284 2509 ficientes
321 2444 539 2519 insumuntur,
588 2433 712 2524 praeter
755 2442 926 2522 genuinam
968 2446 1173 2524 potestatem,
1222 2470 1304 2532 quae

144 2551 329 2634 plerumque
355 2553 402 2614 est
428 2549 552 2627 localia,
583 2550 679 2614 etiam
700 2547 869 2612 translatas
891 2548 1132 2630 significationes
1151 2555 1183 2617 in
1204 2575 1238 2620 se
1258 2577 1307 2622 re-

145 2659 246 2741 cipere
267 2657 377 2721 solent.
420 2658 530 2738 Itaque
558 2656 589 2719 in
617 2656 679 2719 hac
707 2673 834 2737 quoque
862 2654 990 2734 vocula,
1020 2659 1108 2722 cuius
1135 2639 1305 2730 translatus

144 2781 219 2828 usus
241 2763 327 2846 apud
349 2764 494 2828 Tacitum
516 2765 562 2827 est
584 2761 870 2845 frequentissimus,
906 2765 994 2826 extra
1024 2763 1155 2830 localem
1183 2773 1305 2854 tempo·

146 2872 310 2954 ratemque
330 2872 474 2936 notiones
499 2872 596 2935 etiam
617 2869 906 2950 instrumentalem,
932 2870 1107 2952 modalem,
1137 2877 1304 2957 causalem,

147 2979 284 3042 maxime
310 2980 345 3042 ut
375 2977 531 3042 ablativus
563 2995 653 3040 casus
682 2975 744 3039 hoc
770 2975 866 3039 modo
895 2977 1097 3058 resarciatur,
1131 2981 1307 3050 discernere

146 3102 328 3166 possumus,
358 3103 450 3166 quas,
482 3084 632 3166 quoniam
660 3101 770 3146 omnes
791 3082 823 3145 in
844 3082 978 3146 eandem
1000 3085 1150 3167 originem
1172 3089 1304 3156 localem

147 3189 252 3254 reduci
272 3189 405 3267 debent,
425 3209 491 3254 non
511 3207 636 3271 semper
658 3190 804 3252 accurate
825 3187 908 3254 inter
928 3207 961 3252 se
981 3190 1117 3256 distineri
1137 3215 1228 3278 posse
1248 3218 1305 3281 per

146 3316 179 3360 se
201 3299 246 3360 est
268 3296 480 3360 manifestum.
522 3295 610 3360 Haec
634 3294 666 3357 in
688 3294 878 3358 universum.

222 3595 270 3684 Α.
316 3599 375 3685 De
402 3596 683 3685 instrumentali
711 3597 997 3708 praepositionis
1024 3601 1062 3687 vi
1090 3604 1231 3718 agitur.

229 3813 361 3878 Paululo
388 3817 514 3879 tantum
542 3815 812 3879 instrumentalem
841 3815 1077 3898 praepositionis
1104 3821 1306 3890 notionema

147 3921 239 3986 locali
260 3921 406 3985 recedere
418 3921 462 3984 ita
475 3922 643 4004 praecipue
662 3940 895 4003 cognoscemus,
917 3923 943 3986 si
956 3943 1065 3989 eorum
1080 3929 1306 4012 exemplorum,

147 4027 202 4092 ubi
239 4045 312 4090 cum
350 4046 558 4110 personarum
593 4027 774 4092 nominibus
818 4048 890 4093 eam
929 4031 1109 4112 copulatam
1153 4036 1306 4118 videmus

147 4135 301 4200 rationem
323 4133 543 4199 habuerimus:
566 4132 610 4197 ibi
630 4135 714 4198 enim
736 4155 801 4199 non
823 4140 985 4200 auctorem
1009 4136 1131 4220 (moral.
1153 4141 1308 4228 Urheber)

148 4241 294 4321 actionis,
338 4241 424 4323 quod
460 4239 572 4306 vocula
612 4241 649 4319 ,a'
692 4241 888 4324 exprimitur,
934 4244 990 4308 sed
1031 4264 1102 4311 eam
1139 4268 1306 4332 personam
