3012 4842
721 359 784 460 n

156 547 293 622 peterem
315 541 364 619 14,
386 540 406 604 6
429 539 603 604 Thraseam
622 539 805 618 scripsisse,
827 555 858 618 p.
880 561 960 622 qnae
981 540 1205 608 claritudinem
1224 544 1315 624 prin-

158 649 241 752 cipis
263 647 433 713 extolleret.

240 755 268 838 c)
297 756 405 820 Pauca
434 775 515 836 qnae
545 756 782 836 consequuntur
810 754 953 837 exempla
983 775 1047 819 non
1078 756 1139 821 alia
1162 776 1317 822 excausa

156 885 213 948 per
231 883 264 927 se
285 866 420 928 tractare
440 863 530 940 libet,
564 881 663 944 quam
685 860 785 942 quod,
813 863 838 924 si
867 861 975 926 ceteris
1000 862 1222 942 insererentur,
1250 885 1316 928 non

156 975 225 1036 tam
246 971 279 1035 in
299 990 333 1034 se
355 972 575 1035 converterent
596 967 765 1049 legentium
787 967 924 1045 animos,
960 988 1057 1050 quam
1087 971 1217 1035 fortasse
1243 974 1328 1038 sunt.

157 1079 267 1160 digna:
295 1076 332 1141 D.
354 1077 403 1154 ct,
425 1077 464 1139 38
492 1075 563 1139 noio
593 1073 763 1139 Coruinum
794 1077 934 1156 insequi,
964 1078 1040 1156 qnia
1073 1097 1129 1141 nec
1152 1094 1183 1160 p.
1208 1076 1317 1161 ipsum

157 1182 269 1264 sent,
291 1185 458 1264 quoni-inus
484 1219 523 1227 -
545 1183 749 1260 exprimeret:
781 1182 990 1248 elocutionem
1020 1205 1058 1266 ⁴p.
1077 1204 1110 1247 se
1130 1185 1212 1262 stai’,
1241 1186 1315 1249 satis

158 1292 339 1374 ceteroquin
360 1291 509 1354 usitatam
528 1309 548 1354 a
570 1289 703 1354 classicis
723 1291 933 1371 scriptoribus
954 1290 1232 1356 instrumentaliter
1251 1311 1317 1356 esse

157 1398 376 1483 explicandam
398 1400 546 1481 apparet:
576 1416 653 1460 uam
685 1397 762 1478 quid
790 1396 876 1461 aliud
906 1396 1037 1460 denotat
1061 1417 1175 1480 quam:
1206 1397 1316 1476 ‘durch

158 1507 259 1585 mich,
288 1505 391 1570 meina
421 1502 515 1566 Hirlie
541 1503 625 1567 steht
654 1507 752 1566 etwas
779 1503 797 1565 i.
827 1522 853 1566 e.
880 1503 965 1566 steht
992 1504 1025 1566 in
1052 1505 1171 1568 meiner
1200 1503 1316 1581 Macht,

158 1615 258 1696 heingt
279 1631 342 1676 von
364 1612 425 1674 mir
446 1609 487 1674 ab
495 1607 535 1687 ‘i’3
557 1608 715 1687 h.lll,8‚5
738 1610 822 1690 qnod
834 1626 865 1691 p.
882 1626 920 1673 se
938 1613 1315 1693 paruum-inoppino-

157 1723 253 1786 rnenii
282 1721 382 1784 tercii
412 1718 529 1782 locun:
568 1735 651 1798 quae
687 1716 842 1798 significat
876 1718 1067 1794 coniunctio,
1106 1717 1241 1800 aliquid,
1282 1723 1317 1784 ut

159 1828 287 1906 existat,
319 1846 377 1891 suo
407 1828 534 1890 tantum
563 1843 628 1888 non
665 1822 726 1886 alio
757 1823 872 1887 auxilio
908 1823 1059 1906 indigere:
1106 1845 1204 1907 quare
1232 1827 1318 1907 quod

157 1935 281 2017 saepius
303 1953 359 2016 pro
378 1951 455 1996 voce
478 1930 578 2010 ‘solus'
601 1929 741 2011 ponitur,
772 1929 1044 1994 non‘mirabimur
1074 1929 1182 2012 (Hand
1203 1931 1222 1996 l.
1245 1931 1263 1996 l.
1287 1954 1316 2015 p.

156 2040 228 2119 441,
253 2040 300 2120 6);
349 2040 439 2116 723
467 2038 624 2118 propitiis
660 2038 690 2100 si
725 2053 756 2117 p.
788 2052 897 2102 mores
922 2038 1055 2102 nostros
1084 2036 1203 2103 liceret
1231 2039 1317 2104 deis.-

157 2147 304 2212 Handius
323 2145 343 2209 l.
363 2147 382 2208 l.
411 2167 442 2228 p.
463 2143 575 2222 439st
615 2144 648 2206 in
676 2162 714 2207 eo
741 2163 860 2208 errasse
889 2144 966 2208 mihi
993 2145 1134 2220 videtur,
1163 2147 1264 2228 quod,
1292 2146 1317 2208 si

158 2253 271 2318 vocula
293 2254 364 2335 ‘per’
387 2253 505 2335 pendet
524 2271 563 2314 ex
584 2251 682 2314 verbo
706 2249 852 2330 licendi,
885 2254 912 2316 ei
939 2253 1097 2317 causalem
1126 2257 1315 2336 potestatem

157 2361 360 2426 tribuendam
390 2379 455 2424 esse
482 2359 637 2422 existimat
663 2377 766 2440 neque
792 2379 919 2439 possum
946 2379 1011 2423 non
1047 2360 1140 2442 plane
1175 2360 1316 2424 assentiri

156 2468 314 2550 Dreegero
335 2467 485 2532 iudicanti
505 2465 595 2548 (Hist.
617 2466 705 2550 Synt.
728 2466 890 2549 115611)
912 2467 962 2530 hic
985 2486 1111 2550 quoque
1132 2468 1178 2531 vis
1201 2468 1315 2532 instru-

157 2575 302 2638 mentalis
335 2576 492 2638 statuatur
519 2576 672 2655 oportere.
718 2571 799 2636 Cum
829 2573 913 2636 enim
948 2574 1081 2637 verbum
1114 2574 1243 2638 'beandi’
1279 2594 1318 2638 ex

157 2683 268 2746 eadem
290 2679 467 2760 radicellik)
480 2683 577 2762 atque
600 2678 779 2762 „linquendi
803 2679 979 2743 derivatum
1000 2681 1143 2763 primitus
1165 2682 1316 2745 denotare

158 2790 294 2852 constet:
320 2806 361 2865 ‘es
381 2787 419 2850 ist
439 2785 648 2864 iiberlassen’,
670 2785 756 2850 hune
776 2784 879 2849 lucum
899 2787 989 2850 facile
1008 2787 1051 2850 sic
1068 2787 1251 2852 reddemus:
1276 2808 1317 2866 ‘es

157 2895 195 2959 ist
219 2893 318 2959 durch
340 2894 388 2958 die
410 2893 536 2958 Gesetze
554 2892 752 2970 tiberiassen‚
773 2892 914 2956 erlaubt’.

239 3001 311 3064 Non
338 3000 432 3064 aliam
456 3019 554 3081 quam
584 2999 680 3062 modo
706 2999 985 3062 animadvertimus
1012 2999 1186 3077 notionem,
1221 2999 1316 3062 etiam

157 3107 205 3171 his
225 3107 299 3170 locis
319 3106 407 3170 haud
427 3106 593 3169 difficulter
613 3124 820 3186 agnoscemus
841 3108 937 3186 atque
952 3125 991 3168 ex
1012 3104 1158 3185 analogia
1176 3105 1316 3187 quadam

157 3211 299 3277 liberiore
333 3211 478 3275 Tacitum
514 3212 776 3293 praepositionem
815 3211 847 3274 in
892 3212 935 3275 eis
981 3211 1160 3275 adhibuisse
1192 3231 1316 3276 sumere

157 3320 343 3402 poterimus:
376 3319 407 3383 h.
437 3318 459 3395 I,
485 3318 535 3396 ut,
568 3318 602 3381 11
633 3338 668 3398 p.
690 3318 870 3382 socordiam
902 3318 1075 3399 praefecti,
1115 3339 1204 3398 quern
1239 3326 1315 3384 nuto

157 3427 282 3505 pariter
309 3431 339 3490 ei
368 3424 489 3490 cernito
518 3423 676 3499 fallebant
707 3425 737 3505 (i.
759 3443 785 3487 e.
810 3423 896 3506 quod
924 3444 954 3506 p.
976 3444 1038 3488 soe.
1061 3423 1175 3506 licuit);
1214 3426 1314 3503 alil,

157 3533 247 3610 tbi
276 3531 432 3597 Neronem
460 3531 687 3597 cominendauit
719 3531 885 3610 parribus,
919 3537 1013 3610 ntqne
1043 3566 1083 3574 —-
1105 3532 1316 3611 utrinqnennio

157 3639 316 3702 maturius
342 3655 436 3718 qnam
463 3657 494 3719 p.
523 3639 607 3720 iepes
631 3636 687 3719 (so.
714 3641 820 3720 petere
847 3637 929 3717 licet)
942 3644 1154 3717 quaesturam
1180 3644 1314 3717 peterem

157 3744 278 3823 17],18,
301 3746 490 3827 lamneus,
521 3748 576 3829 qai
608 3747 785 3827 conflictari
814 3746 959 3810 aduersis
988 3746 1170 3824 videantur,
1199 3746 1314 3826 beatae,

158 3860 192 3918 ci
212 3853 379 3933 plerosque
403 3870 590 3935 quemqnam
612 3874 745 3936 macnus
767 3869 798 3932 p.
823 3869 896 3932 opes
917 3853 1129 3918 miserrimos:
1160 3852 1214 3916 ubi
1238 3853 1314 3935 Nip-

157 3959 301 4042 perdeius
332 3961 482 4025 annotat:
522 3981 585 4044 tper
612 3959 725 4024 driiokt
749 3959 838 4022 nicht
868 3958 924 4022 des
949 3957 1063 4036 Mittel‚
1099 3958 1235 4021 eundern
1264 3959 1315 4022 die

156 4065 338 4148 Bewegung
356 4067 387 4131 in
411 4067 466 4130 der
487 4067 588 4130 Saehe
609 4086 666 4131 aus
689 4065 749 4144 ‚in’'
779 4068 811 4128 et
838 4063 1012 4145 Draegerus
1035 4064 1067 4126 in
1097 4063 1232 4128 editione
1256 4085 1315 4128 sua

157 4172 250 4240 affert
276 4172 377 4238 locos:
408 4192 436 4238 a.
456 4173 509 4249 XI,
533 4173 572 4235 14
600 4193 630 4255 p.
661 4174 729 4236 fora
755 4192 794 4237 ac
820 4171 952 4253 templa3
995 4171 1016 4250 1,
1048 4171 1086 4234 15
1122 4191 1152 4252 p.
1181 4172 1314 4248 circum;

1125 4275 1162 4328 3*
