3012 4842
656 317 680 381 6

86 499 183 579 atque
205 513 279 561 eum
301 493 389 560 verbi
408 493 571 572 ,vertendi
591 513 705 573 usum,
726 515 790 578 quo
814 494 1074 576 (Boettichersh.
1087 517 1117 562 v.
1131 497 1250 580 ph863

87 601 206 667 Gerber
224 599 245 666 l.
266 599 287 664 l.
318 620 348 682 p.
374 598 424 680 17)
453 599 598 665 absolute
635 601 719 666 idem
750 601 880 666 denotat
906 613 948 666 ac‘
980 621 1022 681 ,se
1044 605 1173 668 vertere'
1201 627 1252 671 re-

85 707 248 792 spicimns,
270 705 358 774 haud
378 704 483 788 inepte
504 705 590 770 locus
611 707 656 772 sic
676 706 765 771 reddi
787 726 878 788 posse
898 707 1038 772 videtur:
1062 709 1252 788 ,allmdhlioh

84 833 177 895 sogar
205 813 262 878 der
291 811 502 900 hulwartung
540 812 597 876 der
623 811 739 876 Diener
769 812 920 892 heraubt,
963 815 1093 882 wandte
1121 801 1155 881 ei
1184 817 1252 882 sich

85 939 195 1001 wegen
218 918 274 982 der
295 936 376 998 ganz
396 916 573 998 unzeitigen
594 916 750 999 Vorsorge
762 918 828 982 der
849 919 1045 985 Stieimutter
1065 941 1139 988 zum
1160 923 1253 1006 Spott

84 1027 103 1090 i.
118 1045 145 1090 e.
164 1045 199 1089 er
217 1025 352 1106 spottete
369 1021 468 1086 riber’.
510 1022 618 1104 Atque
629 1023 672 1088 sic
686 1023 816 1105 quidem
833 1024 981 1090 facillima
1001 1029 1076 1093 sunt
1094 1027 1254 1110 explicatu.

84 1130 184 1196 verba
219 1129 411 1210 ,intellegens
444 1127 539 1207 falsi’,
587 1129 703 1213 quippe
739 1149 840 1212 quae,
879 1131 906 1194 si
932 1131 1054 1210 Orellii,
1096 1132 1251 1215 Rupertii,

85 1234 293 1304 Doederleinii
324 1234 538 1317 explanationi
573 1254 655 1317 quae
684 1238 752 1299 est:
792 1256 826 1300 er
865 1238 976 1301 wurde
1013 1257 1085 1302 zum
1120 1237 1253 1322 Gespittt·

84 1341 322 1419 assentiremur,
365 1341 450 1404 iusta
485 1359 614 1423 prorsus
656 1343 813 1408 sententia
848 1347 1000 1408 carerent.
1056 1343 1167 1427 Neque
1207 1345 1250 1410 ad

82 1447 222 1514 medelas
242 1447 310 1512 illas
330 1447 547 1526 confugiamus
568 1465 695 1512 necesse
717 1452 781 1526 est,
811 1449 926 1531 quibus
953 1449 1012 1514 viri
1039 1450 1123 1515 docti
1143 1452 1250 1516 locum

82 1555 176 1637 longe
198 1553 312 1622 melius
340 1553 540 1635 interpretari
564 1573 655 1636 posse
680 1555 740 1620 sihi
763 1555 924 1624 visisunt.
967 1556 1122 1622 Nimirum
1147 1557 1251 1623 Kress-

81 1661 195 1742 lingius
222 1663 374 1742 sequente
395 1659 534 1740 Rittero,
552 1657 574 1740 ¹)
593 1661 659 1725 duo
687 1661 740 1725 illa
766 1661 880 1728 codicis
896 1662 1053 1730 vocabula
1082 1664 1116 1728 in
1148 1683 1250 1732 unum

83 1764 376 1849 ,perintempestiva
401 1765 557 1833 contraxit
585 1769 684 1849 atque
705 1766 847 1832 Sirkerus
870 1768 1083 1852 Rothiusque,
1112 1789 1254 1851 quorum¹

82 1873 273 1938 sententiam
295 1872 453 1952 Ritterus,
467 1870 491 1952 Ω)
512 1875 623 1954 postea
643 1873 806 1955 praetulit,
826 1893 885 1956 pro
898 1875 1012 1940 vocula
1040 1877 1113 1957 ,per’
1135 1896 1247 1943 vocem

83 1979 178 2061 ,puer'
206 1977 343 2044 scribere
379 1981 622 2060 proposuerunt.
677 1977 759 2041 Satis
797 1978 974 2060 ingeniosas
1007 1999 1074 2046 esse
1106 1981 1248 2046 virorum

81 2083 244 2167 opiniones
277 2083 329 2146 vix
357 2077 581 2163 negaverim,
622 2083 678 2148 sed
712 2103 791 2152 num
823 2085 886 2148 sint
920 2087 1114 2150 necessariae
1154 2085 1247 2152 valde

81 2189 239 2269 dubitem,
271 2189 454 2272 praesertim
480 2208 553 2254 cum
581 2189 773 2254 vocabulum
804 2192 1098 2274 ,perintempestiva
1127 2193 1248 2276 fingere

82 2313 242 2376 cogamur.

158 2400 292 2482 Propria
312 2397 532 2481 apostrophos
552 2401 670 2479 forma,
692 2421 818 2485 exque
839 2403 1028 2485 praepositio
1048 2405 1247 2487 postponitur

78 2507 292 2584 substantivo,
329 2507 411 2571 sicut
438 2507 583 2578 universe
624 2527 753 2590 perraro
788 2508 958 2572 adhibetur
986 2509 1020 2572 in
1049 2510 1161 2574 vocula
1190 2531 1246 2593 per

80 2612 130 2694 (cf.
152 2612 270 2678 Handii
291 2611 423 2677 Tursell.
446 2612 507 2676 vol.
529 2613 579 2690 lV,
600 2634 630 2695 p.
653 2614 725 2692 448,
748 2615 815 2695 nl),
838 2615 882 2678 ita
903 2616 990 2697 apud
1008 2615 1170 2694 Tacitum,
1192 2618 1246 2699 qui

79 2719 207 2802 quidem
241 2719 274 2783 in
299 2719 365 2783 aliis
392 2720 676 2802 praepositionibus
704 2740 776 2787 eam
804 2722 897 2786 valde
922 2722 1054 2787 adamat
1081 2722 1245 2804 (Wolfflin,

78 2825 158 2891 Phil.
180 2825 277 2903 XXV,
296 2845 326 2906 p.
351 2826 425 2901 1163
449 2825 588 2906 Draeger
608 2826 628 2888 l.
650 2826 669 2898 l.
692 2825 719 2908 ξ.
736 2827 813 2901 hh&
836 2827 1016 2910 Nipperdey
1033 2829 1075 2892 ad
1094 2849 1123 2892 a.
1143 2829 1177 2906 11,
1190 2831 1244 2905 60;

77 2931 126 3009 lll,
150 2932 201 3011 m)
223 2949 383 3013 nusquam
404 2932 437 2994 in
459 2950 553 2995 usum
582 2935 722 2996 vocatur.
770 2933 817 2996 Ea
844 2936 954 2998 tamen
983 2935 1080 3014 rati0,
1115 2955 1156 3010 ex,
1180 2955 1245 3018 qua

77 3037 268 3120 praepositio
289 3038 372 3115 inter
400 3037 590 3102 adiectivum
617 3056 674 3101 seu
702 3057 879 3120 pronomen
907 3059 963 3103 seu
990 3042 1154 3105 numerale
1187 3062 1244 3125 po·

79 3145 165 3207 nitur
194 3146 226 3208 et
247 3144 497 3222 substantivum,
529 3144 574 3208 ita
602 3163 635 3207 se
667 3145 772 3223 offert,
801 3149 836 3208 ut
862 3147 895 3209 in
922 3147 1042 3229 scriptis
1069 3148 1243 3215 minoribus

76 3250 200 3314 nullum
227 3249 406 3332 exemplum
440 3248 612 3328 (Wiiliilin,
649 3249 729 3326 Phil.
756 3251 887 3330 XXVII,
924 3273 953 3334 p.
982 3251 1070 3332 129),
1109 3255 1142 3316 in
1172 3254 1242 3318 hist.

77 3360 215 3438 quatuor
246 3359 278 3420 et
308 3356 341 3420 in
365 3375 440 3420 ann.
470 3356 599 3436 triginta
623 3375 678 3420 sex
700 3356 759 3420 loci
781 3359 993 3441 reperiantur,
1026 3360 1081 3424 ubi
1102 3360 1242 3442 interpo-

76 3463 239 3540 sitionem,
268 3463 481 3546 quadraginta
501 3462 641 3545 quinque
668 3465 699 3526 et
725 3465 885 3545 octoginta
905 3485 976 3544 sex,
1002 3465 1057 3530 ubi
1078 3465 1242 3546 vulgarem

77 3569 316 3634 collocationem
345 3569 494 3652 praetulit
524 3572 644 3634 auctor.
700 3569 852 3653 Exempla
887 3575 996 3636 autem
1032 3576 1107 3636 sunt
1144 3575 1241 3641 haec:

76 3676 196 3755 hicn,
206 3677 254 3754 16,
275 3675 518 3739 ubinliilinus
537 3675 607 3740 loco
621 3675 717 3740 modo
737 3677 831 3742 citato
849 3679 1018 3743 verborum
1034 3681 1240 3762 positionem:

143 3943 170 4013 1)
189 3943 348 4012 Ritterus,:
375 3942 455 4000 Com.
469 3942 560 3997 Taciti
578 3961 661 4013 opera
686 3945 728 3998 ed.
745 3943 789 3998 nr.
808 3943 908 4000 Ritter.
926 3947 944 4000 4
964 3947 1018 4001 vol.
1044 3947 1245 4018 Cantabrigiae

76 4029 169 4186 mh)
187 4115 344 4184 Ritterus,:
362 4116 392 4170 P.
401 4114 479 4170 Gom.
490 4115 580 4170 Taciti
599 4132 687 4184 opera
702 4131 755 4170 rec.
773 4116 924 4172 Frititter.
946 4119 1020 4174 lvol.
1039 4119 1147 4189 Lipsiae
1161 4119 1235 4176 1864.
