3012 4842
761 370 803 436 18

187 551 286 618 atrae
306 568 337 632 p.
359 550 507 642 virtatem
528 556 634 632 actua·
655 550 735 631 XVI,
746 551 821 629 133
843 550 911 616 dies
932 568 964 630 a.
986 570 1136 630 somnam,
1157 569 1221 614 aaa
1243 547 1358 634 officiis

201 664 231 724 et
251 657 482 723 oblectamentis
504 657 588 722 aitac
609 657 855 740 traasipebatar.

282 762 317 846 h)
345 764 407 828 Per
427 783 499 828 cum
522 761 697 830 adiectiris
719 765 861 830 neutn'us
886 765 1007 846 generis
1029 766 1236 848 componitur.
1279 766 1358 830 Eum

200 891 313 950 usum,
334 891 372 936 ex
393 890 457 953 quo
478 871 631 936 adiectiva
652 872 921 937 substantivorum
948 874 1015 937 vice
1036 873 1177 954 iugentia
1202 894 1241 938 ex
1268 893 1360 956 prae-

200 977 404 1062 positionibus
434 979 575 1060 pendent
612 980 721 1061 itaque
759 979 855 1044 modo
889 999 947 1063 pro
982 979 1137 1044 adverbiis
1170 981 1266 1044 modo
1302 1000 1359 1062 pro

200 1084 359 1150 adiectivis
379 1089 550 1168 ponuntur,
571 1087 708 1151 maxime
726 1088 888 1169 proprium
910 1107 976 1151 esse
998 1090 1122 1152 constan
1144 1089 1244 1171 poetis
1252 1086 1359 1169 (Roth.

200 1212 264 1257 exc.
287 1192 388 1258 XXIV
408 1213 439 1277 p.
459 1194 521 1258 318
541 1214 587 1276 sq.
619 1193 739 1276 Reissig
761 1192 780 1256 l.
803 1193 822 1256 1.
849 1213 879 1277 p.
902 1195 971 1259 395.
994 1196 1053 1258 735
1079 1214 1154 1258 ann.
1185 1193 1278 1277 371):
1306 1215 1359 1276 pe·

200 1300 318 1364 destres
346 1304 454 1364 autem
484 1301 649 1382 scriptores
685 1300 832 1378 demum,
874 1321 913 1365 ex
957 1320 1021 1384 quo
1053 1300 1217 1366 Sallustius
1250 1305 1359 1366 auctor

199 1407 382 1491 praecessit,
404 1425 477 1470 eum
495 1407 589 1471 latius
610 1405 770 1472 adhibent.
814 1406 950 1485 Tacitus,
974 1409 1172 1490 quiquidem
1194 1428 1268 1472 oum
1284 1407 1360 1472 alias

199 1504 444 1597 praepositiones
472 1516 541 1577 tum
575 1513 742 1596 praecipue
772 1513 821 1592 ,in’
854 1513 942 1578 haud
971 1533 1041 1578 raro
1075 1517 1108 1578 in
1138 1515 1235 1578 talem
1266 1534 1359 1579 usum

199 1641 312 1686 vocare
332 1621 423 1698 solet,
456 1621 602 1685 voculam
633 1621 706 1704 ,per’
736 1620 853 1685 modali
879 1639 974 1685 sensu
995 1624 1181 1685 exornatam
1201 1641 1296 1703 parce
1316 1621 1358 1685 sic

200 1729 376 1806 coniunxit,
408 1747 481 1792 cum
501 1728 534 1791 in
554 1727 715 1809 Agricola,
749 1728 804 1792 ubi
824 1729 856 1791 in
877 1747 978 1792 unum
998 1728 1104 1792 locum
1123 1729 1300 1807 incidimus,
1328 1731 1359 1792 et

199 1835 232 1899 in
260 1855 333 1900 ann.
367 1835 439 1899 solis
467 1835 578 1899 obviae
610 1835 672 1899 sint
709 1835 888 1898 huiusmodi
923 1835 1111 1900 locutiones:
1153 1854 1182 1899 a.
1209 1836 1258 1913 VI,
1284 1837 1312 1915 8,
1339 1836 1358 1899 8

201 1941 319 2008 Gallae
342 1977 379 1986 -
399 1958 431 2021 p.
457 1939 675 2006 deridiculum
705 1942 839 2007 caditur
866 1941 916 2023 (cf.
942 1943 1046 2008 Plaut.
1074 1942 1188 2008 Pseud.
1217 1942 1267 2022 IV,
1288 1944 1318 2021 5,
1339 1944 1357 2006 7

199 2051 296 2116 verba
317 2050 408 2114 abcui
427 2069 458 2132 p.
480 2049 510 2112 d.
533 2048 639 2131 dare);
661 2049 684 2128 1,
695 2049 777 2127 75,8
799 2049 978 2132 eroaaadae
999 2067 1031 2130 p.
1045 2048 1186 2115 honesta
1206 2051 1358 2130 pecuniae

200 2159 347 2236 capitam
376 2156 415 2220 Α.
438 2157 527 2234 idi
550 2153 642 2220 Oloia
663 2163 693 2221 et
714 2155 875 2220 Bodotria
898 2157 1019 2222 diuersi
1040 2159 1142 2223 maris
1164 2159 1304 2223 aestibus
1326 2175 1357 2239 p.

198 2265 393 2329 immensum
423 2268 578 2343 revectam
621 2282 649 2326 a.
678 2262 745 2340 XV,
773 2263 869 2340 4113
898 2265 1043 2342 proruas
1070 2281 1102 2343 p.
1130 2264 1151 2327 i.
1184 2259 1357 2346 aedificiis:

201 2372 326 2454 utrique
351 2371 419 2435 loco
452 2372 583 2434 fortasse
610 2389 676 2433 non
703 2370 807 2435 minus
834 2373 907 2453 apte
934 2370 1039 2435 localis
1070 2372 1116 2435 vis
1149 2370 1261 2453 (durch
1289 2372 1357 2436 eine

199 2497 304 2561 grosse
326 2477 453 2542 Strecke
475 2473 543 2556 11111)
564 2477 692 2540 attribui
711 2477 815 2558 possit.
856 2475 904 2540 De
924 2476 1149 2558 significatione
1177 2478 1262 2540 vocis
1289 2478 1358 2557 ,im-

198 2585 324 2664 mensi’,
362 2603 454 2666 quae,
471 2582 557 2665 apud
586 2581 733 2647 Tacitum
767 2581 860 2646 valde
898 2585 944 2646 est
977 2583 1154 2661 debilitata,
1194 2602 1357 2666 compares

198 2693 353 2761 Wolfflini
373 2690 629 2773 explanationem
650 2691 683 2754 in
705 2689 784 2755 Phil.
805 2689 915 2768 XXVI,
937 2708 966 2772 p.
992 2691 1049 2753 159
1070 2688 1242 2773 prolatam
1265 2709 1293 2754 a.
1306 2689 1357 2766 tv,

197 2803 248 2881 13,
270 2802 340 2882 81).
360 2796 526 2864 occultum
548 2796 767 2872 lacerabatar3
791 2797 840 2875 71,
862 2797 899 2859 m
923 2797 1088 2878 pricipaos
1110 2815 1179 2861 cam
1194 2813 1225 2876 p.
1241 2817 1266 2860 o.
1285 2795 1357 2861 sab-

198 2911 356 2986 aertissei,
379 2905 634 2970 misericordiam
660 2939 692 2949 -
716 2903 827 2983 potam
848 2903 1040 2984 ostentatae
1062 2903 1139 2982 Vm,
1155 2904 1192 2966 13
1215 2923 1357 2969 exercea-

199 3016 283 3083 tibac
303 3015 464 3094 plerisque
482 3029 514 3092 p.
535 3032 562 3076 o.
583 3045 622 3054 -
644 3011 806 3077 libidinem
813 3033 824 3089 ;
843 3010 892 3089 Vl,
911 3009 958 3089 13,
972 3011 1009 3075 15
1032 3030 1101 3074 cara
1122 3047 1161 3058 -
1183 3010 1356 3076 delationes

108 3107 110 3111 ’
200 3128 378 3189 exercerent
400 3120 460 3184 aiii
482 3119 666 3198 propalam,
687 3118 780 3182 malti
801 3133 832 3196 p.
857 3136 901 3196 o.‚·
942 3117 1007 3196 ΧΠ,
1038 3118 1085 3196 13,
1113 3118 1134 3181 d
1165 3139 1221 3182 aaa
1250 3118 1356 3182 lactas

199 3231 376 3296 societatem
398 3261 437 3274 -·
455 3227 566 3308 palam
586 3227 753 3303 inclamat,
776 3226 811 3288 ia
833 3222 993 3289 Gotaraea
1012 3241 1044 3304 p.
1058 3224 1179 3290 occalta
1201 3231 1231 3290 et
1251 3226 1354 3306 mania

192 3337 265 3420 fida
289 3333 474 3401 inclinabat.

347 3667 389 3753 O.
435 3667 494 3753 De
521 3665 660 3753 causali
688 3664 973 3778 praepositionis
1000 3663 1038 3750 vi
1067 3663 1207 3778 agitur.

278 3883 371 3965 Quod
394 3884 426 3947 et
446 3883 479 3946 in
500 3882 559 3960 eie,
582 3901 665 3964 quae
686 3881 718 3945 in
741 3880 923 3944 universum
944 3879 1027 3944 dieta
1048 3882 1122 3944 sunt
1142 3879 1181 3942 de
1201 3877 1355 3943 translata

197 3989 432 4082 praepositionis
470 3989 615 4066 notione,
661 3991 694 4052 et
728 3987 761 4050 in
802 4005 996 4069 unaquaque
1038 3986 1192 4068 particula
1232 4004 1356 4067 semper

196 4101 371 4169 tenendum
400 4115 466 4162 esse
494 4094 688 4180 praedicavi,
726 4094 822 4158 etiarn
857 4093 890 4156 in
923 4092 1006 4156 hanc
1034 4112 1131 4174 quam
1163 4111 1250 4156 nunc
1279 4110 1354 4155 oon-

199 4205 422 4292 templabimur
440 4201 699 4284 significationem
727 4200 824 4276 cadit;
857 4201 1005 4265 nimirum
1032 4199 1064 4263 in
1092 4199 1250 4264 nonnullis
1280 4199 1354 4266 locis
