3012 4842
174 707 218 793 Q.
257 706 317 790 De
333 703 442 790 locali
462 702 748 814 praepositionis
775 703 813 788 vi
835 704 978 814 tropice
999 703 1170 790 adhibita
1188 704 1330 817 agitur.

256 923 446 1004 Priusquam
468 919 510 983 ad
531 918 625 982 huius
650 917 824 1000 particulae
850 917 948 982 finem
977 938 1196 1001 properemus,
1225 923 1331 998 restat,

173 1034 210 1096 ut
230 1030 338 1113 paucis
359 1027 461 1092 verbis
482 1026 521 1090 de
543 1025 586 1090 eis
607 1025 772 1108 exemplis,
794 1025 827 1090 in
850 1025 964 1107 quibus
982 1025 1112 1090 Tacitus
1132 1026 1223 1092 locali
1241 1047 1334 1110 prae·

173 1136 333 1220 positionis
354 1135 483 1200 notione
506 1133 596 1216 quasi
617 1133 752 1213 imagine
774 1151 848 1196 usus
874 1137 937 1209 est,
964 1132 1167 1199 disseramus:
1196 1153 1334 1215 quorum

174 1243 259 1326 quod
281 1242 417 1325 plurima
439 1240 532 1305 obvia
559 1242 634 1303 sunt
661 1238 694 1304 in
721 1239 851 1321 Dialogo
873 1243 1000 1322 propter
1020 1241 1211 1322 singularem
1239 1241 1332 1306 huius

171 1349 265 1413 libelli
285 1352 453 1426 naturam,
481 1347 550 1428 quis
569 1349 617 1410 est
636 1347 690 1428 qui
712 1327 864 1410 miretur?

253 1456 289 1520 D.
315 1455 367 1532 19,
386 1455 425 1519 99
459 1455 628 1535 exquisitis
659 1454 854 1534 eloquentiae
889 1452 1059 1518 itineribus
1097 1473 1176 1534 opus
1203 1460 1266 1533 est,
1298 1475 1333 1536 p.

171 1581 253 1643 quae
284 1567 394 1625 orator
420 1560 592 1638 fastidiunt
625 1561 753 1624 ouriurn
788 1559 937 1642 effupiat3
979 1559 1088 1636 98,11
1123 1560 1161 1626 rte
1183 1593 1221 1604 -
1244 1562 1334 1626 uitiis

173 1668 299 1748 loquar,
332 1688 414 1749 quoe
444 1673 538 1732 notos
568 1667 677 1731 statim
707 1667 870 1746 excipiunt
908 1672 937 1732 et
968 1687 1003 1745 p.
1040 1667 1183 1748 sinqutos
1217 1671 1334 1734 aetatis

169 1775 295 1858 pradus
322 1776 544 1844 cumulantur:
574 1773 707 1839 elocutio
742 1795 780 1856 p.
809 1773 968 1854 gradus’,·
989 1775 1021 1837 in
1048 1794 1113 1856 qua
1146 1775 1333 1858 praepositio

171 1882 349 1965 simpliciter
377 1882 507 1946 actionis
537 1881 807 1946 continuationem
835 1880 981 1957 denotat,
1020 1881 1144 1962 saepius
1175 1881 1333 1946 invenitur

170 1989 256 2072 apud
277 1988 523 2066 Quintilianum,
545 1988 630 2071 apud
651 1987 796 2051 Tacitum
818 1987 880 2051 hoc
901 1989 1027 2052 tantum
1049 1987 1127 2052 loco.
1161 1989 1210 2066 99,
1232 1991 1252 2052 8
1270 2010 1333 2070 pa·

168 2102 273 2160 rentes
302 2115 358 2159 nec
382 2095 540 2174 probitati
575 2116 674 2175 neque
710 2095 882 2158 nrorlestiae
910 2094 1067 2174 paruulos
1096 2096 1331 2177 adsiiesaeiunt,

173 2203 230 2268 sed
251 2203 403 2266 lusciniae
431 2209 460 2266 et
487 2202 669 2280 alacritati,
695 2222 729 2281 p.
762 2221 843 2282 quoe
869 2201 1030 2281 paulatini
1059 2203 1257 2283 impudentia
1284 2205 1332 2268 in-

173 2311 275 2390 repit:
297 2309 560 2392 praepositionem
577 2308 628 2372 hic
650 2307 766 2372 causali
788 2328 916 2391 quoque
938 2328 1031 2373 sensu
1053 2311 1151 2392 accipi
1169 2331 1259 2394 posse
1280 2312 1332 2376 vix

170 2416 368 2498 negaverim,
387 2415 458 2492 sed,
486 2419 522 2479 ut
543 2416 606 2479 huc
626 2415 753 2480 traham
772 2415 968 2497 exemplum,
997 2415 1175 2498 ,inrependi'
1198 2437 1260 2482 vox
1280 2438 1331 2482 me

169 2527 284 2588 movet.
309 2559 348 2568 -
370 2523 466 2588 Haud
487 2543 558 2587 raro
577 2525 701 2586 constat
726 2522 953 2605 multiplicique
984 2523 1080 2588 modo
1106 2544 1177 2588 cum
1207 2524 1240 2587 in
1264 2523 1331 2588 aliis

170 2633 339 2711 argenteae
359 2629 521 2692 latinitatis
539 2629 727 2711 scriptorum
749 2631 817 2691 tum
839 2627 870 2691 in
885 2627 1067 2705 Quintiliani
1090 2629 1226 2693 maxime
1246 2630 1331 2694 libris

171 2737 284 2815 ,eundi'
306 2756 416 2800 vocem
446 2755 519 2799 cnm
549 2735 732 2816 ,cogitandi,
765 2735 921 2817 loquendi'
952 2735 991 2798 al.
1021 2737 1123 2800 verbis
1151 2739 1332 2818 congregari

170 2843 279 2926 (Hand
299 2843 319 2906 l.
341 2844 361 2907 l.
383 2843 454 2920 433,
476 2841 524 2923 6),
547 2861 642 2924 quem
663 2861 756 2905 usum
777 2842 873 2906 etiam
894 2841 1020 2905 Tacitus
1040 2843 1179 2906 imitatus
1200 2847 1248 2906 est
1269 2843 1330 2908 hoc

170 2970 235 3014 uno
257 2949 414 3033 exemplo:
443 2948 480 3012 D.
503 2949 552 3026 39,
575 2949 594 3011 8
620 2947 761 3028 populus
791 2948 945 3028 inteltepit
973 2949 1141 3014 aestatim
1163 2949 1211 3012 ito
1234 2950 1329 3014 laude

166 3057 393 3138 prosequitur,
430 3061 465 3118 ut
498 3054 633 3135 lepitinre
660 3053 839 3131 studuisse,
869 3061 904 3118 ut
933 3075 968 3134 p.
1003 3075 1107 3119 omnes
1136 3055 1330 3137 eloquentiae

171 3184 316 3228 numeros
331 3162 613 3242 isse-soteatur:
635 3161 700 3224 sive
713 3161 828 3224 locutio
845 3181 883 3244 ,p
899 3181 1048 3226 numeros
1065 3162 1116 3226 ire’
1140 3162 1180 3226 de
1200 3164 1329 3242 musica,

171 3271 257 3354 quod
282 3268 516 3334 Doederleinius
547 3267 725 3344 contendit,
771 3269 836 3332 sive
872 3269 911 3331 de
943 3268 1078 3332 saltandi
1116 3271 1202 3347 arte,
1243 3270 1329 3352 quod

169 3377 323 3454 RitteruS,
350 3375 517 3456 desumpta
544 3374 577 3436 in
597 3373 727 3436 rhetoris
747 3373 910 3437 scientiam
931 3373 1087 3438 translata
1107 3378 1169 3452 est,
1202 3376 1234 3440 id
1255 3397 1329 3459 pro-

169 3483 252 3548 iecto
272 3502 338 3548 non
358 3483 461 3565 potest
481 3479 633 3558 dubitari,
656 3479 732 3562 quin
753 3480 805 3544 hic
827 3484 863 3543 ut
879 3479 952 3544 alibi
974 3481 1046 3545 insit
1065 3480 1219 3546 vocabulo
1241 3483 1327 3546 notio

172 3590 302 3672 partis,
339 3607 436 3670 quam
466 3587 555 3650 facile
583 3607 622 3650 ex
650 3587 790 3664 ,numeri'
813 3586 844 3649 vi
870 3587 980 3650 exoriri
1007 3607 1098 3669 posse
1125 3587 1328 3653 manifestum

170 3700 226 3760 est.
267 3695 352 3760 Nihil
372 3695 458 3759 aliud
485 3695 578 3776 igitur
605 3693 797 3775 significatur
826 3713 923 3775 quarn
947 3694 1032 3776 quod
1059 3693 1268 3771 Quintilianus
1294 3697 1328 3760 in

169 3803 188 3866 l.
210 3801 274 3879 Vll,
298 3801 375 3879 1,64
395 3801 540 3884 exprimit
560 3800 678 3864 verbis:
702 3819 796 3878 ,nunc
817 3819 927 3863 eamus
947 3820 978 3882 p.
999 3799 1138 3882 singulas
1160 3821 1328 3868 causarum

169 3907 361 3973 iudicialium
390 3908 514 3990 partes’.
553 3901 607 3984 39,
637 3908 657 3970 8
693 3913 740 3972 cst
776 3906 896 3987 aliquis
923 3912 1084 3971 oratorum
1116 3927 1262 3990 canipus,
1293 3931 1327 3990 p.

170 4035 260 4096 quern
289 4015 355 4078 nist
383 4013 476 4078 tiberi
508 4021 537 4078 et
568 4014 666 4078 soluti
692 4013 842 4091 feruntur
870 4014 1057 4078 debilitatur
1085 4034 1123 4078 ac
1153 4017 1326 4098 frauqitur

170 4122 364 4203 eloquentiu;
409 4122 447 4186 A.
470 4122 520 4201 49,
541 4123 581 4186 99
613 4126 718 4187 sciant
744 4157 784 4166 —
807 4121 1009 4199 modestiam,
1041 4121 1071 4186 si
1099 4121 1261 4188 industria
1289 4145 1327 4188 ac

169 4229 260 4312 ciqor
282 4229 408 4309 adsint,
435 4249 469 4294 eo
497 4229 605 4294 tundis
634 4229 813 4312 escendere,
850 4249 911 4314 quo
940 4227 1087 4314 plerique
1116 4251 1147 4310 p.
1179 4229 1327 4313 abrupto,

1137 4333 1175 4386 2*
