3012 4842
724 393 765 460 49

165 578 303 661 profecto
324 576 458 641 dubium
478 575 575 640 videri
596 576 707 658 potest,
730 577 838 640 utrum
860 577 1017 642 causalem
1038 597 1087 658 an
1102 580 1261 646 medalem
1283 600 1326 645 an

165 683 437 749 instrumentalem
458 684 613 748 rationem
642 686 779 746 statuere
800 685 1024 765 praeferamus.
1074 685 1181 768 Atque
1202 687 1263 750 hoc
1284 704 1325 750 ne

166 793 334 874 quisquam
356 791 499 870 miretur,
522 809 597 854 nam
622 790 753 854 causalis
773 811 899 874 quoque
924 792 970 855 vis
999 812 1019 857 a
1047 793 1137 856 locali
1164 797 1210 857 est
1237 814 1327 876 repe·

166 899 264 963 tenda
282 902 378 980 atque
398 898 586 980 praepositio
606 897 685 961 nihil
705 897 791 962 aliud
812 899 976 979 significat,
998 899 1056 964 nisi
1071 900 1138 978 ,aul
1147 901 1326 983 demWege

167 1005 267 1070 durch
287 1009 385 1070 etwas
406 1006 469 1069 hin’
491 1005 570 1068 sicut
596 1006 629 1070 in
648 1005 793 1088 exemplo
821 1026 885 1088 ,per
907 1026 1048 1072 amorem
1070 1007 1131 1072 hoc
1150 1009 1244 1072 lecit''
1257 1008 1275 1072 i.
1299 1029 1326 1072 8.

166 1113 268 1176 durch
299 1113 348 1175 die
375 1112 468 1175 Liebe
499 1110 696 1192 hingehend,
729 1112 836 1176 seinen
857 1113 907 1176 W.
939 1112 1042 1177 durch
1067 1113 1118 1178 die
1149 1114 1243 1178 Liebe
1270 1115 1326 1180 hin

166 1219 341 1296 nehmend,
363 1238 420 1282 aus
442 1217 544 1282 Liebe.
585 1218 617 1281 Si
637 1219 788 1298 originem
811 1218 904 1283 huius
928 1220 1063 1284 notionis
1086 1220 1215 1312 eiusque
1235 1241 1327 1286 usur·

167 1328 328 1410 petionem
349 1328 544 1408 spectamus,
564 1324 641 1388 mihi
662 1325 790 1407 quidem
810 1326 1067 1390 verisimillimum
1084 1327 1218 1406 videtur,
1239 1328 1326 1392 initio

167 1437 209 1499 ad
229 1454 268 1498 ea
287 1436 411 1497 tantum
433 1433 531 1496 verba
551 1451 711 1496 annexam
733 1451 799 1496 esse
820 1431 1098 1515 praepositionem,
1127 1453 1210 1516 quae
1229 1435 1328 1498 animi

167 1545 290 1606 motum
315 1540 527 1622 affectumque
548 1539 728 1620 exprimunt
752 1542 784 1602 et
802 1542 911 1620 postea
933 1538 1071 1617 demum,
1092 1540 1125 1604 id
1140 1541 1226 1624 quod
1238 1541 1330 1607 simili

168 1648 264 1712 modo
296 1648 327 1712 in
357 1646 538 1712 adhibendo
570 1646 709 1710 ablativo
742 1648 773 1709 et
804 1645 971 1722 interioriS,
1004 1647 1115 1711 atita
1146 1648 1265 1724 dicam,
1297 1651 1329 1712 et

168 1755 326 1819 exterioris
355 1773 469 1818 causae
501 1754 698 1829 observatur,
740 1753 835 1816 etiam
869 1752 910 1817 ad
945 1729 1163 1818 denotandam
1199 1773 1329 1818 causam

169 1866 329 1926 externam
345 1858 739 1942 (tuszererBeweggrundl
756 1881 822 1924 esse
844 1859 1040 1924 translatam.
1082 1860 1129 1924 Ex
1148 1860 1209 1925 hac
1221 1863 1328 1924 autem

168 1971 289 2034 ratione
311 1969 472 2050 exempla,
494 1969 624 2051 quaein
646 1967 791 2048 Agricola
812 1971 925 2049 quater
947 1969 1028 2030 etin
1048 1987 1123 2031 ann.
1144 1967 1236 2049 triplo
1257 1967 1328 2049 plus
1452 2025 1458 2038 ,

169 2099 267 2160 quam
296 2079 328 2141 in
355 2078 425 2140 hist.
455 2075 549 2140 obvia
580 2076 830 2158 progredientem
868 2073 1020 2156 paulatim
1051 2073 1329 2156 amplificationem

169 2185 244 2248 satis
265 2184 452 2261 ostendunt,
479 2183 511 2247 in
536 2183 616 2246 duas
643 2181 780 2246 dividere
809 2185 929 2264 partes,
958 2200 995 2245 eo
1022 2180 1122 2262 magis
1146 2200 1198 2244 me
1219 2199 1328 2263 super·

169 2291 276 2356 sedere
311 2310 401 2372 posse
445 2291 613 2354 arbitratus
653 2309 739 2367 sum,
796 2309 859 2371 quo
897 2287 1015 2352 facilius
1058 2287 1156 2353 altera
1192 2288 1330 2370 potestas

171 2399 374 2480 cognoscitur.
418 2398 465 2462 Ac
485 2398 623 2482 primum
645 2397 773 2478 quidem
794 2416 847 2459 eos
866 2395 950 2460 locos
971 2395 1137 2478 proferam,
1161 2393 1193 2458 in
1216 2395 1329 2476 quibus

169 2509 298 2588 aptatur
318 2505 506 2588 praepositio

252 2613 283 2694 a)
304 2609 543 2674 substantivis:
572 2611 603 2674 h.
625 2611 660 2686 ll,
677 2610 726 2685 87,
750 2611 769 2672 9
798 2608 881 2674 obvii
905 2641 939 2650 -
963 2607 1093 2687 qnidam
1116 2611 1214 2684 meta,
1238 2605 1331 2670 malti

167 2741 199 2800 p.
223 2717 454 2782 adulationem.
496 2717 668 2793 a.lV,1u‚
699 2718 736 2780 18
777 2715 961 2779 Postumum
995 2735 1027 2794 p.
1066 2710 1268 2777 adulterium
1289 2747 1330 2756 -

171 2827 315 2892 consiliis
343 2827 412 2890 sais
437 2825 653 2904 peridoneum.
701 2822 768 2899 XV,
798 2823 827 2899 1,
856 2823 875 2887 3
912 2821 994 2885 tane
1027 2854 1062 2868 -
1094 2839 1162 2883 enm
1195 2819 1273 2882 milei
1294 2838 1329 2898 p.

171 2934 314 2999 aetatem
336 2952 454 2998 suanno
476 2933 598 2995 noneine
618 2929 834 3007 antecessisset,
858 2929 891 2992 e'n
908 2927 1140 3008 possessionem
1156 2925 1329 2990 Armeniae

171 3041 305 3120 dednxi3
343 3039 422 3115 XVl,
445 3039 493 3114 38,
517 3039 535 3101 3
563 3057 626 3100 nan
648 3035 767 3100 Planta
783 3055 817 3113 p.
841 3041 901 3098 aet.
925 3035 1012 3100 nesci
1028 3033 1184 3114 petuisse.
1225 3030 1257 3094 h.
1279 3029 1330 3108 IV,

171 3147 282 3224 6815
312 3147 568 3208 adsumantnre
605 3143 731 3206 civitate
764 3141 964 3206 clarissimas
992 3141 1124 3220 quisque
1153 3144 1183 3204 ct
1210 3136 1270 3200 alit
1294 3155 1330 3224 p·

170 3250 401 3330 ambitionem,
424 3272 452 3315 a.
475 3250 554 3327 XVI,
578 3251 625 3326 17,
649 3252 668 3312 8
684 3250 837 3330 petitione
857 3248 1009 3312 1811811111
1029 3247 1229 3311 abstinuerat
1246 3263 1279 3323 p.
1297 3263 1328 3312 a.

167 3365 417 3440 praeposterans.
460 3357 526 3435 XV,
548 3357 597 3433 71,
621 3357 658 3419 13
682 3355 794 3420 Prisco
807 3375 840 3434 p.
855 3352 1037 3420 amicitiam
1057 3353 1190 3418 Senecae
1202 3385 1234 3396 -
1249 3349 1329 3412 data

171 3467 279 3530 cailla.
323 3465 371 3542 Vl,
392 3465 443 3542 17,
467 3464 504 3528 15
533 3461 976 3541 881187111881181119818811
998 3460 1162 3524 Romanas
1178 3477 1213 3537 p.
1236 3455 1328 3520 81188

172 3572 351 3650 sperabant.
393 3572 423 3634 h.
445 3571 467 3648 l,
485 3570 535 3646 60,
560 3570 574 3632 1
614 3569 780 3632 Mecinus
804 3588 839 3646 p.
870 3563 1329 3631 81811118118818111881811-

173 3683 307 3755 temptas
330 3678 499 3741 exercitat:
521 3695 576 3740 cur
597 3694 707 3739 omnes
727 3676 790 3738 fere
811 3674 945 3737 editores
965 3692 985 3736 a
1004 3671 1085 3736 Med.
1108 3670 1176 3734 cod.
1199 3668 1330 3732 lectione

175 3782 281 3861 ,sorde'
305 3783 501 3860 recesserint,
531 3782 677 3866 equidem
705 3800 770 3844 non
800 3777 1049 3864 comprehendo:
1082 3776 1169 3858 quod
1189 3775 1274 3839 enim
1296 3774 1328 3837 in

173 3909 198 3953 c.
207 3889 284 3965 515
306 3889 381 3952 item
401 3892 502 3952 exstat
522 3889 671 3971 scripturn
695 3887 823 3964 ,sorde',
845 3885 899 3950 ubi
919 3883 1041 3963 ,sordes’
1064 3884 1186 3963 legatur
1204 3898 1330 3944 necesse

173 3999 235 4073 est,
260 3994 291 4058 in
312 3998 447 4078 utroque
475 3994 543 4058 loco
572 3995 655 4058 idem
684 4013 801 4076 ponere
829 3992 959 4056 minima
982 3993 1030 4054 est
1050 4008 1165 4063 causa;
1200 4008 1231 4052 a.
1250 3985 1329 4063 Xlll,

125 4164 131 4175 ,
175 4103 201 4182 1,
227 4101 780 4183 1781111111.811818819111118111
805 4101 885 4163 entre
915 4095 1113 4178 eorrprnebat.
1162 4092 1329 4171 Χ1,15,1

1156 4222 1173 4274 4
