3012 4842
753 339 791 405 II

190 519 289 582 verba
323 540 362 600 ,p
389 519 581 596 Bructeros’3
616 522 721 584 bonae
752 519 879 601 quidem
912 517 1075 582 latinitatis
1102 519 1268 600 scriptores
1296 519 1357 584 hoc

192 645 284 703 casu,
316 627 369 707 qui
397 631 521 690 motum
548 631 604 691 aut
634 647 690 710 per
721 631 777 690 aut
803 629 891 690 trans
921 625 1027 688 locum
1055 625 1163 706 perfici
1191 626 1355 706 significat,

192 751 258 796 non
273 732 331 794 nisi
352 733 385 794 in
399 733 559 798 vocabulis
583 736 686 812 ,terra
708 735 798 810 mari,
822 734 910 810 freto,
933 732 1017 796 vado
1036 733 1085 795 al!
1106 735 1152 796 uti
1174 738 1355 799 assuerunt:

191 837 318 902 Tacitus
351 843 459 904 autern
489 841 630 904 eiusdem
661 861 754 904 usum
781 840 828 904 ita
858 841 962 916 auxil,
991 843 1113 902 utnon
1136 839 1232 903 modo
1254 841 1287 904 iu
1307 841 1356 905 his

191 946 336 1024 vocibus,
376 947 401 1010 si
430 947 516 1012 nude
547 968 603 1011 seu
632 969 705 1012 curn
734 948 879 1028 genetivo
906 950 962 1009 aut
990 947 1143 1010 adiectivo
1170 949 1356 1012 coniunctae

191 1052 403 1132 reperiuntur,
431 1054 486 1118 sed
514 1056 610 1118 etiam
638 1055 670 1117 in
699 1054 765 1118 aliis
785 1053 889 1117 verbis
910 1054 974 1117 late
993 1073 1067 1116 eum
1090 1054 1242 1118 adhibeat
1263 1075 1288 1118 e.
1311 1076 1355 1136 g.:

191 1157 263 1234 al,
287 1159 316 1236 8,
342 1158 379 1222 12
416 1164 451 1222 ut
485 1164 580 1242 porta
616 1161 798 1243 triumphali
837 1160 1007 1224 duceretur
1041 1161 1150 1235 funus3
1187 1159 1239 1237 XI,
1266 1161 1355 1234 18,9

191 1262 328 1328 Corbulo
352 1300 393 1308 —
414 1267 556 1330 triremes
577 1267 668 1330 alveo
690 1266 795 1330 Rheni
817 1301 856 1311 -
878 1267 999 1347 adegit;
1021 1265 1099 1344 XIII,
1112 1267 1161 1344 54,
1184 1267 1203 1330 3
1225 1267 1355 1331 saltibus

190 1373 247 1433 aut
268 1370 453 1452 paludibus;
475 1373 525 1450 53,
549 1375 568 1436 8
589 1373 629 1437 al.
653 1373 845 1455 (Nipperdey
866 1374 908 1437 ad
929 1393 957 1437 a.
980 1373 1001 1451 I,
1018 1374 1075 1448 603
1096 1373 1252 1454 Draeger,
1274 1373 1353 1437 Hist.

190 1475 279 1559 Synt.
298 1497 328 1559 p.
350 1478 412 1540 483
434 1476 510 1560 sq.):
539 1479 680 1543 Ritterus
702 1499 901 1563 quamquam
926 1480 1014 1543 haud
1042 1479 1164 1543 nescius
1193 1483 1241 1543 est
1260 1480 1354 1544 huius

188 1581 338 1663 loquendi
366 1602 457 1662 usu5,
485 1588 594 1650 tamen
623 1585 752 1649 mirifice
779 1585 812 1649 iu
840 1586 1009 1650 novissima
1038 1585 1174 1650 editione
1206 1586 1353 1650 coniecit:

188 1685 224 1752 Iu
245 1689 369 1754 finibus.
406 1691 485 1770 XIV,
505 1691 594 1769 aar
629 1693 795 1756 Tiridaten
820 1714 852 1770 p.
878 1691 993 1755 Medos
1019 1697 1159 1757 extremo
1182 1695 1354 1759 Armeniae

189 1795 370 1860 iuuentem.
1330 1788 1336 1798 ’

271 1899 305 1982 b)
334 1900 433 1965 Multo
463 1903 599 1984 amplius
631 1919 705 1967 cum
733 1901 812 1966 aliis
844 1901 991 1967 locorum
1019 1901 1222 1982 nominibus,
1255 1925 1352 1986 quam

188 2026 271 2088 quae
284 2007 380 2071 modo
395 2027 504 2072 sumus
522 2009 735 2091 contemplati,
758 2011 904 2090 coniungi
922 2011 1188 2092 praepositionem
1209 2011 1352 2093 exempla

109 2141 112 2146 ·
188 2113 364 2190 docebunt,
414 2135 497 2196 quae
531 2117 660 2197 quidem
689 2117 722 2179 in
757 2116 891 2180 historiis
926 2121 957 2180 et
984 2116 1152 2180 annalibus
1184 2118 1250 2180 sine
1288 2118 1352 2182 ullo

188 2219 375 2297 discrimme,
399 2239 437 2284 ex
452 2221 624 2286 mInoribus
644 2225 751 2286 autem
773 2222 856 2286 libris
876 2226 1002 2286 tantum
1024 2223 1055 2285 in
1071 2222 1242 2286 Germania
1261 2223 1352 2286 nobis

186 2345 221 2388 se
243 2325 389 2390 offerunt.
431 2327 467 2390 In
489 2348 583 2409 quem
607 2329 768 2405 ordinem,
797 2348 837 2392 ne
860 2329 1024 2392 materiem
1052 2329 1084 2392 iu
1113 2329 1207 2391 nimis
1234 2329 1351 2392 multas

186 2436 293 2514 partes
313 2432 540 2514 discerperem,
570 2435 667 2498 etlam
695 2435 774 2499 tales
801 2435 885 2498 locos
917 2454 1082 2516 congerere
1109 2454 1174 2500 non
1200 2435 1351 2512 dubitavi,

186 2538 218 2600 in
242 2539 357 2619 quibus
377 2541 614 2621 praepositione
635 2541 682 2604 vis
706 2561 771 2604 nou
792 2544 859 2604 tam
888 2545 996 2604 nostro
1028 2541 1145 2618 ,durch'
1175 2541 1240 2604 siue
1272 2541 1351 2618 ,hin-

186 2643 295 2708 durch'
321 2665 418 2727 quam
443 2646 530 2723 ,dher
550 2647 598 2710 al'
623 2647 810 2729 respondet:
845 2647 974 2724 scillcet,
1008 2651 1043 2710 ut
1071 2665 1168 2728 supra
1198 2646 1262 2708 iam
1286 2666 1351 2710 me·

185 2751 323 2828 moravi,
353 2751 423 2814 talis
443 2753 530 2815 notio
554 2772 620 2816 non
649 2754 682 2816 in
703 2753 771 2834 ipsa
792 2753 1023 2834 praepositione
1043 2753 1138 2829 latet,
1169 2751 1225 2814 sed
1246 2751 1350 2833 potius

185 2857 300 2920 ineius
319 2859 561 2940 compositimre,
584 2879 666 2940 quae
686 2859 841 2940 postulat,
864 2862 899 2922 ut
920 2879 946 2947 e.
968 2879 997 2938 g.
1019 2861 1180 2922 vertamus
1204 2878 1242 2939 p.
1265 2857 1350 2920 viam

184 2962 382 3026 Flaminiam’
405 2963 466 3027 auf
483 2964 540 3027 der
561 2965 780 3029 ssaminischen
801 2965 940 3042 Strasze,
964 2985 1002 3045 ,p
1023 2965 1160 3046 pratum'
1185 2961 1288 3026 durch
1300 2963 1350 3026 die

185 3069 308 3146 Wiese,
333 3090 371 3152 ,p
393 3071 503 3151 ripam'
526 3069 628 3152 ldugs
649 3072 704 3135 des
721 3072 828 3148 UterS,
854 3091 892 3153 ,p.
906 3071 1056 3134 montem’
1082 3069 1163 3134 iiber
1183 3070 1246 3132 den
1259 3069 1349 3148 Berg,

184 3195 382 3259 quamquam
410 3179 648 3260 praepositionis
679 3179 864 3260 significatio
890 3179 1039 3242 Romano
1075 3177 1196 3240 homini
1226 3194 1350 3257 semper

183 3284 296 3348 eadem
317 3289 436 3348 manet.
479 3285 563 3361 Quin
592 3286 686 3348 etiam
719 3285 833 3348 eadem
861 3285 978 3360 verba,
1011 3287 1106 3365 prout
1128 3286 1174 3346 est
1202 3301 1349 3358 conexus

182 3391 271 3454 vario
302 3391 398 3454 modo
426 3394 535 3454 nostra
574 3390 681 3471 liugua
711 3391 843 3454 reddere
880 3390 1043 3470 cogimur,
1088 3388 1348 3470 quandoquidem

183 3497 345 3578 longitudo
366 3517 403 3561 ac
424 3496 558 3560 latitudo
579 3498 708 3560 omnino
729 3497 868 3560 incertae
897 3499 971 3559 sunt
997 3495 1160 3559 notiones:
1189 3513 1288 3576 quarn
1308 3494 1349 3557 ob

183 3622 298 3666 reme.
320 3623 349 3684 g.
378 3602 534 3666 vocabula
565 3624 603 3685 ,p
631 3603 781 3666 montem'
810 3605 968 3665 vertemus
996 3599 1076 3664 iiber
1103 3602 1164 3665 den
1197 3603 1294 3682 Berg,
1324 3602 1350 3664 si

182 3708 373 3785 latitudiuis,
403 3707 464 3771 auf
483 3709 556 3772 dem
577 3709 611 3771 Β.
632 3706 708 3785 her,
739 3709 765 3770 si
786 3707 1003 3788 longitudinis,
1037 3705 1290 3783 carenacum,
1324 3706 1349 3769 si

182 3816 394 3879 crassitudinis
415 3816 570 3880 rationem
592 3816 766 3880 habemus:
795 3814 944 3898 postremi
966 3818 1074 3878 autem
1096 3813 1182 3878 modi
1204 3813 1349 3894 exempla

181 3923 240 3987 sub
262 3922 347 3988 aliud
368 3924 495 4004 signum
516 3921 688 3986 collaturus
717 3942 755 3986 ea
782 3941 868 3985 nunc
899 3921 1066 3998 inducam,
1103 3921 1135 3983 in
1162 3920 1278 4002 quihus
1308 3919 1348 3984 de

182 4030 270 4093 nudo
293 4028 378 4106 Ioco,
399 4047 465 4093 non
485 4029 580 4092 rebus
602 4047 675 4092 eum
697 4028 898 4111 implentibus
919 4028 1039 4108 agilur:

263 4136 294 4199 h.
315 4135 337 4214 1,
361 4135 411 4213 66,
436 4134 476 4198 14
504 4135 586 4198 lento
613 4134 727 4199 deinde
756 4135 880 4215 agmine
901 4155 937 4214 p.
964 4133 1049 4197 flues
1073 4132 1282 4214 Allobropum
1308 4151 1346 4196 ac
