<?xml version="1.0" encoding="UTF-8"?>
<!DOCTYPE html PUBLIC "-//W3C//DTD XHTML 1.0 Transitional//EN"
    "http://www.w3.org/TR/xhtml1/DTD/xhtml1-transitional.dtd">
<html xmlns="http://www.w3.org/1999/xhtml" xml:lang="en" lang="en">
 <head>
  <title>
</title>
<meta http-equiv="Content-Type" content="text/html;charset=utf-8" />
  <meta name='ocr-system' content='tesseract 3.04.00' />
  <meta name='ocr-capabilities' content='ocr_page ocr_carea ocr_par ocr_line ocrx_word'/>
</head>
<body>
  <div class='ocr_page' id='page_1' title='image "./depraepositioni00hensgoog_0051.png"; bbox 0 0 3012 4842; ppageno 0'>
   <div class='ocr_carea' id='block_1_1' title="bbox 747 445 789 510">
    <p class='ocr_par' dir='ltr' id='par_1_1' title="bbox 747 445 789 510">
     <span class='ocr_line' id='line_1_1' title="bbox 747 445 789 510; baseline 0 0"><span class='ocrx_word' id='word_1_1' title='bbox 747 445 789 510; x_wconf 76' lang='lat' dir='ltr'>td</span> 
     </span>
    </p>
   </div>
   <div class='ocr_carea' id='block_1_2' title="bbox 191 623 1348 922">
    <p class='ocr_par' dir='ltr' id='par_1_2' title="bbox 191 623 1348 922">
     <span class='ocr_line' id='line_1_2' title="bbox 273 623 1348 710; baseline -0.006 -19"><span class='ocrx_word' id='word_1_2' title='bbox 273 627 304 710; x_wconf 83' lang='lat' dir='ltr'>a)</span> <span class='ocrx_word' id='word_1_3' title='bbox 327 623 554 704; x_wconf 80' lang='lat' dir='ltr'>substantiva,</span> <span class='ocrx_word' id='word_1_4' title='bbox 576 625 690 707; x_wconf 89' lang='lat' dir='ltr'>quibus</span> <span class='ocrx_word' id='word_1_5' title='bbox 705 623 844 708; x_wconf 88' lang='lat' dir='ltr'>praefixa</span> <span class='ocrx_word' id='word_1_6' title='bbox 862 627 910 688; x_wconf 89' lang='lat' dir='ltr'>est</span> <span class='ocrx_word' id='word_1_7' title='bbox 929 623 1124 706; x_wconf 90' lang='lat' dir='ltr'>praepositio,</span> <span class='ocrx_word' id='word_1_8' title='bbox 1147 639 1348 703; x_wconf 85' lang='lat' dir='ltr'>congererem</span> 
     </span>
     <span class='ocr_line' id='line_1_3' title="bbox 191 711 1051 818; baseline -0.015 -17"><span class='ocrx_word' id='word_1_9' title='bbox 191 756 247 818; x_wconf 89' lang='lat' dir='ltr'>per</span> <span class='ocrx_word' id='word_1_10' title='bbox 267 735 429 799; x_wconf 87' lang='lat' dir='ltr'>literarum</span> <span class='ocrx_word' id='word_1_11' title='bbox 449 733 607 797; x_wconf 79' lang='lat' dir='ltr'>ordinem:</span> <span class='ocrx_word' id='word_1_12' title='bbox 1048 711 1051 718; x_wconf 66' lang='grc'><strong>’</strong></span> 
     </span>
     <span class='ocr_line' id='line_1_4' title="bbox 294 834 1348 922; baseline -0.004 -20"><span class='ocrx_word' id='word_1_13' title='bbox 294 839 328 922; x_wconf 85' lang='lat' dir='ltr'>a)</span> <span class='ocrx_word' id='word_1_14' title='bbox 348 839 395 904; x_wconf 90' lang='lat' dir='ltr'>De</span> <span class='ocrx_word' id='word_1_15' title='bbox 416 838 592 922; x_wconf 80' lang='lat' dir='ltr'>frequentia</span> <span class='ocrx_word' id='word_1_16' title='bbox 615 839 756 903; x_wconf 92' lang='lat' dir='ltr'>locorum</span> <span class='ocrx_word' id='word_1_17' title='bbox 776 838 840 902; x_wconf 89' lang='lat' dir='ltr'>huc</span> <span class='ocrx_word' id='word_1_18' title='bbox 859 838 1030 902; x_wconf 84' lang='lat' dir='ltr'>relatorum</span> <span class='ocrx_word' id='word_1_19' title='bbox 1052 855 1227 901; x_wconf 88' lang='lat' dir='ltr'>memorare</span> <span class='ocrx_word' id='word_1_20' title='bbox 1247 834 1348 913; x_wconf 88' lang='lat' dir='ltr'>liceat,</span> 
     </span>
    </p>
   </div>
   <div class='ocr_carea' id='block_1_3' title="bbox 152 944 1408 4338">
    <p class='ocr_par' dir='ltr' id='par_1_3' title="bbox 152 944 1356 2839">
     <span class='ocr_line' id='line_1_5' title="bbox 192 944 1348 1031; baseline -0.007 -18"><span class='ocrx_word' id='word_1_21' title='bbox 192 970 245 1014; x_wconf 90' lang='lat' dir='ltr'>eos</span> <span class='ocrx_word' id='word_1_22' title='bbox 267 951 392 1031; x_wconf 89' lang='lat' dir='ltr'>praeter</span> <span class='ocrx_word' id='word_1_23' title='bbox 413 948 528 1029; x_wconf 85' lang='lat' dir='ltr'>scripta</span> <span class='ocrx_word' id='word_1_24' title='bbox 549 946 686 1022; x_wconf 90' lang='lat' dir='ltr'>minora,</span> <span class='ocrx_word' id='word_1_25' title='bbox 706 947 760 1008; x_wconf 91' lang='lat' dir='ltr'>ubi</span> <span class='ocrx_word' id='word_1_26' title='bbox 780 945 812 1008; x_wconf 91' lang='lat' dir='ltr'>in</span> <span class='ocrx_word' id='word_1_27' title='bbox 834 944 980 1025; x_wconf 80' lang='lat' dir='ltr'><strong>Agricola</strong></span> <span class='ocrx_word' id='word_1_28' title='bbox 1000 946 1127 1007; x_wconf 88' lang='lat' dir='ltr'>tantum</span> <span class='ocrx_word' id='word_1_29' title='bbox 1148 945 1348 1025; x_wconf 76' lang='lat' dir='ltr'>usurpantur,</span> 
     </span>
     <span class='ocr_line' id='line_1_6' title="bbox 191 1047 1348 1136; baseline -0.005 -18"><span class='ocrx_word' id='word_1_30' title='bbox 191 1057 224 1119; x_wconf 92' lang='lat' dir='ltr'>in</span> <span class='ocrx_word' id='word_1_31' title='bbox 253 1053 420 1118; x_wconf 79' lang='lat' dir='ltr'>annalibus</span> <span class='ocrx_word' id='word_1_32' title='bbox 447 1052 543 1136; x_wconf 91' lang='lat' dir='ltr'>duplo</span> <span class='ocrx_word' id='word_1_33' title='bbox 574 1053 713 1118; x_wconf 91' lang='lat' dir='ltr'>crebrius</span> <span class='ocrx_word' id='word_1_34' title='bbox 746 1071 843 1134; x_wconf 90' lang='lat' dir='ltr'>quam</span> <span class='ocrx_word' id='word_1_35' title='bbox 880 1052 913 1116; x_wconf 91' lang='lat' dir='ltr'>in</span> <span class='ocrx_word' id='word_1_36' title='bbox 948 1051 1018 1114; x_wconf 88' lang='lat' dir='ltr'>hist.</span> <span class='ocrx_word' id='word_1_37' title='bbox 1046 1050 1136 1113; x_wconf 89' lang='lat' dir='ltr'>nobis</span> <span class='ocrx_word' id='word_1_38' title='bbox 1162 1069 1195 1114; x_wconf 89' lang='lat' dir='ltr'>se</span> <span class='ocrx_word' id='word_1_39' title='bbox 1223 1047 1348 1113; x_wconf 84' lang='lat' dir='ltr'>offerre:</span> 
     </span>
     <span class='ocr_line' id='line_1_7' title="bbox 192 1156 1349 1240; baseline -0.006 -15"><span class='ocrx_word' id='word_1_40' title='bbox 192 1163 222 1226; x_wconf 93' lang='lat' dir='ltr'>h.</span> <span class='ocrx_word' id='word_1_41' title='bbox 245 1161 280 1240; x_wconf 91' lang='lat' dir='ltr'>ll,</span> <span class='ocrx_word' id='word_1_42' title='bbox 303 1161 394 1239; x_wconf 85' lang='lat'>30‚8</span> <span class='ocrx_word' id='word_1_43' title='bbox 423 1161 521 1224; x_wconf 83' lang='lat' dir='ltr'>nobnr</span> <span class='ocrx_word' id='word_1_44' title='bbox 548 1180 580 1240; x_wconf 86' lang='lat' dir='ltr'>p.</span> <span class='ocrx_word' id='word_1_45' title='bbox 610 1157 835 1224; x_wconf 75' lang='lat' dir='ltr'>adulationem</span> <span class='ocrx_word' id='word_1_46' title='bbox 868 1157 1054 1223; x_wconf 87' lang='lat' dir='ltr'>attollentes.</span> <span class='ocrx_word' id='word_1_47' title='bbox 1096 1156 1169 1236; x_wconf 76' lang='lat'>4,4</span> <span class='ocrx_word' id='word_1_48' title='bbox 1200 1156 1238 1221; x_wconf 85' lang='lat' dir='ltr'>de</span> <span class='ocrx_word' id='word_1_49' title='bbox 1264 1176 1297 1220; x_wconf 87' lang='lat' dir='ltr'>sc</span> <span class='ocrx_word' id='word_1_50' title='bbox 1316 1176 1349 1236; x_wconf 84' lang='lat' dir='ltr'>p.</span> 
     </span>
     <span class='ocr_line' id='line_1_8' title="bbox 193 1265 1348 1351; baseline -0.005 -17"><span class='ocrx_word' id='word_1_51' title='bbox 193 1268 353 1351; x_wconf 81' lang='lat' dir='ltr'>ambages</span> <span class='ocrx_word' id='word_1_52' title='bbox 373 1270 565 1349; x_wconf 56' lang='lat' dir='ltr'>interrogem</span> <span class='ocrx_word' id='word_1_53' title='bbox 587 1286 616 1331; x_wconf 91' lang='lat' dir='ltr'>a.</span> <span class='ocrx_word' id='word_1_54' title='bbox 638 1267 673 1345; x_wconf 92' lang='lat' dir='ltr'>ll,</span> <span class='ocrx_word' id='word_1_55' title='bbox 696 1268 746 1345; x_wconf 81' lang='lat'>54,</span> <span class='ocrx_word' id='word_1_56' title='bbox 771 1267 807 1330; x_wconf 82' lang='lat'>16</span> <span class='ocrx_word' id='word_1_57' title='bbox 821 1265 992 1349; x_wconf 77' lang='lat' dir='ltr'>ferebatur</span> <span class='ocrx_word' id='word_1_58' title='bbox 1013 1265 1202 1330; x_wconf 84' lang='lat' dir='ltr'>Germanico</span> <span class='ocrx_word' id='word_1_59' title='bbox 1216 1285 1252 1344; x_wconf 88' lang='lat' dir='ltr'>p.</span> <span class='ocrx_word' id='word_1_60' title='bbox 1271 1285 1348 1328; x_wconf 80' lang='lat' dir='ltr'>a.-</span> 
     </span>
     <span class='ocr_line' id='line_1_9' title="bbox 193 1371 1349 1454; baseline -0.006 -12"><span class='ocrx_word' id='word_1_61' title='bbox 193 1385 353 1442; x_wconf 81' lang='lat' dir='ltr'>matnnnm</span> <span class='ocrx_word' id='word_1_62' title='bbox 374 1377 505 1440; x_wconf 84' lang='lat' dir='ltr'>enitinm</span> <span class='ocrx_word' id='word_1_63' title='bbox 528 1375 685 1439; x_wconf 77' lang='lat' dir='ltr'>cecinisse.</span> <span class='ocrx_word' id='word_1_64' title='bbox 727 1373 758 1437; x_wconf 93' lang='lat' dir='ltr'>h.</span> <span class='ocrx_word' id='word_1_65' title='bbox 774 1373 883 1452; x_wconf 84' lang='lat' dir='ltr'>lll,73,</span> <span class='ocrx_word' id='word_1_66' title='bbox 897 1374 933 1436; x_wconf 88' lang='grc'>17</span> <span class='ocrx_word' id='word_1_67' title='bbox 957 1374 1051 1437; x_wconf 87' lang='lat' dir='ltr'>ceteri</span> <span class='ocrx_word' id='word_1_68' title='bbox 1067 1393 1102 1454; x_wconf 87' lang='lat' dir='ltr'>p.</span> <span class='ocrx_word' id='word_1_69' title='bbox 1124 1371 1233 1436; x_wconf 81' lang='lat' dir='ltr'>narius</span> <span class='ocrx_word' id='word_1_70' title='bbox 1253 1387 1349 1436; x_wconf 82' lang='lat' dir='ltr'>casus</span> 
     </span>
     <span class='ocr_line' id='line_1_10' title="bbox 193 1478 1350 1565; baseline -0.006 -16"><span class='ocrx_word' id='word_1_71' title='bbox 193 1485 296 1562; x_wconf 88' lang='lat' dir='ltr'>elapsi</span> <span class='ocrx_word' id='word_1_72' title='bbox 317 1482 423 1565; x_wconf 85' lang='lat' dir='ltr'>(unter</span> <span class='ocrx_word' id='word_1_73' title='bbox 442 1481 685 1545; x_wconf 82' lang='lat' dir='ltr'>verschiedenen</span> <span class='ocrx_word' id='word_1_74' title='bbox 710 1479 935 1560; x_wconf 83' lang='lat' dir='ltr'>Abenteuern).</span> <span class='ocrx_word' id='word_1_75' title='bbox 981 1479 1032 1557; x_wconf 79' lang='lat'>65,</span> <span class='ocrx_word' id='word_1_76' title='bbox 1057 1479 1096 1542; x_wconf 87' lang='lat'>10</span> <span class='ocrx_word' id='word_1_77' title='bbox 1129 1478 1167 1543; x_wconf 86' lang='lat' dir='ltr'>de</span> <span class='ocrx_word' id='word_1_78' title='bbox 1190 1497 1271 1559; x_wconf 81' lang='lat' dir='ltr'>pace</span> <span class='ocrx_word' id='word_1_79' title='bbox 1292 1498 1350 1558; x_wconf 86' lang='lat' dir='ltr'>po-</span> 
     </span>
     <span class='ocr_line' id='line_1_11' title="bbox 192 1584 1349 1671; baseline -0.006 -16"><span class='ocrx_word' id='word_1_80' title='bbox 192 1590 366 1671; x_wconf 77' lang='lat' dir='ltr'>nendisque</span> <span class='ocrx_word' id='word_1_81' title='bbox 383 1610 416 1669; x_wconf 88' lang='lat' dir='ltr'>p.</span> <span class='ocrx_word' id='word_1_82' title='bbox 442 1586 666 1653; x_wconf 87' lang='lat' dir='ltr'>condicionem</span> <span class='ocrx_word' id='word_1_83' title='bbox 676 1586 755 1668; x_wconf 82' lang='lat' dir='ltr'>(auf</span> <span class='ocrx_word' id='word_1_84' title='bbox 766 1587 936 1668; x_wconf 82' lang='lat' dir='ltr'>giitlichem</span> <span class='ocrx_word' id='word_1_85' title='bbox 945 1587 1052 1668; x_wconf 88' lang='lat' dir='ltr'>Wege’</span> <span class='ocrx_word' id='word_1_86' title='bbox 1075 1584 1228 1667; x_wconf 88' lang='lat' dir='ltr'>Heraeus)</span> <span class='ocrx_word' id='word_1_87' title='bbox 1240 1586 1349 1650; x_wconf 83' lang='lat' dir='ltr'>armis.</span> 
     </span>
     <span class='ocr_line' id='line_1_12' title="bbox 194 1693 1349 1778; baseline -0.005 -17"><span class='ocrx_word' id='word_1_88' title='bbox 194 1719 222 1762; x_wconf 92' lang='lat' dir='ltr'>a.</span> <span class='ocrx_word' id='word_1_89' title='bbox 242 1698 292 1776; x_wconf 93' lang='lat' dir='ltr'>Vl,</span> <span class='ocrx_word' id='word_1_90' title='bbox 315 1698 342 1777; x_wconf 88' lang='lat'>1,</span> <span class='ocrx_word' id='word_1_91' title='bbox 363 1698 383 1760; x_wconf 89' lang='lat'>5</span> <span class='ocrx_word' id='word_1_92' title='bbox 406 1715 495 1778; x_wconf 77' lang='lat' dir='ltr'>qnem</span> <span class='ocrx_word' id='word_1_93' title='bbox 510 1717 544 1776; x_wconf 85' lang='lat' dir='ltr'>p.</span> <span class='ocrx_word' id='word_1_94' title='bbox 568 1694 727 1760; x_wconf 84' lang='lat' dir='ltr'>dedecora</span> <span class='ocrx_word' id='word_1_95' title='bbox 740 1695 868 1776; x_wconf 85' lang='lat' dir='ltr'>sonere,</span> <span class='ocrx_word' id='word_1_96' title='bbox 903 1713 971 1758; x_wconf 93' lang='lat' dir='ltr'>cnm</span> <span class='ocrx_word' id='word_1_97' title='bbox 999 1693 1114 1758; x_wconf 82' lang='lat' dir='ltr'>sceiere</span> <span class='ocrx_word' id='word_1_98' title='bbox 1144 1693 1349 1757; x_wconf 80' lang='lat' dir='ltr'>insectanter.</span> 
     </span>
     <span class='ocr_line' id='line_1_13' title="bbox 194 1797 1351 1884; baseline -0.003 -16"><span class='ocrx_word' id='word_1_99' title='bbox 194 1807 242 1882; x_wconf 86' lang='lat'>30,</span> <span class='ocrx_word' id='word_1_100' title='bbox 277 1805 314 1866; x_wconf 80' lang='lat' dir='ltr'>ln</span> <span class='ocrx_word' id='word_1_101' title='bbox 345 1804 453 1883; x_wconf 80' lang='lat' dir='ltr'>primo</span> <span class='ocrx_word' id='word_1_102' title='bbox 491 1803 730 1884; x_wconf 77' lang='lat' dir='ltr'>[alienationem</span> <span class='ocrx_word' id='word_1_103' title='bbox 761 1803 874 1866; x_wconf 90' lang='lat' dir='ltr'>mentis</span> <span class='ocrx_word' id='word_1_104' title='bbox 903 1799 1075 1882; x_wconf 78' lang='lat' dir='ltr'>simulans]</span> <span class='ocrx_word' id='word_1_105' title='bbox 1114 1801 1208 1882; x_wconf 80' lang='lat' dir='ltr'>qnasi</span> <span class='ocrx_word' id='word_1_106' title='bbox 1232 1819 1269 1879; x_wconf 82' lang='lat' dir='ltr'>p.</span> <span class='ocrx_word' id='word_1_107' title='bbox 1296 1797 1351 1864; x_wconf 90' lang='lat' dir='ltr'>de-</span> 
     </span>
     <span class='ocr_line' id='line_1_14' title="bbox 194 1905 1351 1987; baseline -0.006 -12"><span class='ocrx_word' id='word_1_108' title='bbox 194 1909 352 1976; x_wconf 85' lang='lat' dir='ltr'>mentiam</span> <span class='ocrx_word' id='word_1_109' title='bbox 372 1910 503 1984; x_wconf 46' lang='lat' dir='ltr'>&#39;funesta</span> <span class='ocrx_word' id='word_1_110' title='bbox 523 1909 657 1987; x_wconf 81' lang='lat' dir='ltr'>Tiberio,</span> <span class='ocrx_word' id='word_1_111' title='bbox 679 1929 758 1987; x_wconf 85' lang='lat' dir='ltr'>mon,</span> <span class='ocrx_word' id='word_1_112' title='bbox 780 1907 835 1972; x_wconf 88' lang='lat' dir='ltr'>nbi</span> <span class='ocrx_word' id='word_1_113' title='bbox 851 1927 960 1987; x_wconf 81' lang='lat' dir='ltr'>enspes</span> <span class='ocrx_word' id='word_1_114' title='bbox 981 1908 1066 1970; x_wconf 84' lang='lat' dir='ltr'>ailae</span> <span class='ocrx_word' id='word_1_115' title='bbox 1084 1907 1158 1985; x_wconf 83' lang='lat' dir='ltr'>fnit,</span> <span class='ocrx_word' id='word_1_116' title='bbox 1180 1905 1351 1969; x_wconf 88' lang='lat' dir='ltr'>meditatas</span> 
     </span>
     <span class='ocr_line' id='line_1_15' title="bbox 195 2011 1351 2098; baseline -0.007 -16"><span class='ocrx_word' id='word_1_117' title='bbox 195 2018 435 2098; x_wconf 80' lang='lat' dir='ltr'>conpositasqne</span> <span class='ocrx_word' id='word_1_118' title='bbox 458 2016 550 2080; x_wconf 83' lang='lat' dir='ltr'>diras</span> <span class='ocrx_word' id='word_1_119' title='bbox 574 2014 819 2096; x_wconf 81' lang='lat' dir='ltr'>inprecabatnr:</span> <span class='ocrx_word' id='word_1_120' title='bbox 857 2014 1017 2091; x_wconf 91' lang='lat' dir='ltr'>Halmius,</span> <span class='ocrx_word' id='word_1_121' title='bbox 1045 2011 1196 2090; x_wconf 53' lang='lat' dir='ltr'>Haasius‘,</span> <span class='ocrx_word' id='word_1_122' title='bbox 1221 2012 1351 2094; x_wconf 90' lang='lat' dir='ltr'>Nipper-</span> 
     </span>
     <span class='ocr_line' id='line_1_16' title="bbox 194 2117 1349 2200; baseline -0.007 -12"><span class='ocrx_word' id='word_1_123' title='bbox 194 2125 282 2188; x_wconf 90' lang='lat' dir='ltr'>deius</span> <span class='ocrx_word' id='word_1_124' title='bbox 301 2123 341 2186; x_wconf 88' lang='lat' dir='ltr'>al.</span> <span class='ocrx_word' id='word_1_125' title='bbox 361 2122 512 2186; x_wconf 81' lang='lat' dir='ltr'>Balrrdtio</span> <span class='ocrx_word' id='word_1_126' title='bbox 535 2125 662 2186; x_wconf 89' lang='lat' dir='ltr'>auctore</span> <span class='ocrx_word' id='word_1_127' title='bbox 684 2123 782 2185; x_wconf 90' lang='lat' dir='ltr'>verba</span> <span class='ocrx_word' id='word_1_128' title='bbox 809 2121 1038 2200; x_wconf 76' lang='lat' dir='ltr'>,alienationem</span> <span class='ocrx_word' id='word_1_129' title='bbox 1059 2119 1173 2183; x_wconf 89' lang='lat' dir='ltr'>mentis</span> <span class='ocrx_word' id='word_1_130' title='bbox 1192 2117 1349 2182; x_wconf 86' lang='lat' dir='ltr'>simulans’</span> 
     </span>
     <span class='ocr_line' id='line_1_17' title="bbox 193 2224 1353 2313; baseline -0.006 -20"><span class='ocrx_word' id='word_1_131' title='bbox 193 2233 363 2313; x_wconf 77' lang='lat' dir='ltr'>tamquam</span> <span class='ocrx_word' id='word_1_132' title='bbox 393 2229 547 2310; x_wconf 83' lang='lat' dir='ltr'>glossema</span> <span class='ocrx_word' id='word_1_133' title='bbox 574 2228 733 2292; x_wconf 90' lang='lat' dir='ltr'>vocabulis</span> <span class='ocrx_word' id='word_1_134' title='bbox 764 2229 862 2310; x_wconf 82' lang='lat' dir='ltr'>,quasi</span> <span class='ocrx_word' id='word_1_135' title='bbox 883 2248 913 2309; x_wconf 89' lang='lat' dir='ltr'>p.</span> <span class='ocrx_word' id='word_1_136' title='bbox 934 2228 974 2290; x_wconf 89' lang='lat' dir='ltr'>d.&#39;</span> <span class='ocrx_word' id='word_1_137' title='bbox 1003 2227 1161 2290; x_wconf 84' lang='lat' dir='ltr'>adiectum</span> <span class='ocrx_word' id='word_1_138' title='bbox 1190 2224 1278 2288; x_wconf 89' lang='lat' dir='ltr'>uncis</span> <span class='ocrx_word' id='word_1_139' title='bbox 1305 2225 1353 2287; x_wconf 91' lang='lat' dir='ltr'>in-</span> 
     </span>
     <span class='ocr_line' id='line_1_18' title="bbox 195 2331 1353 2416; baseline -0.005 -16"><span class='ocrx_word' id='word_1_140' title='bbox 195 2337 341 2413; x_wconf 90' lang='lat' dir='ltr'>cludunt,</span> <span class='ocrx_word' id='word_1_141' title='bbox 363 2343 436 2400; x_wconf 85' lang='lat' dir='ltr'>cum</span> <span class='ocrx_word' id='word_1_142' title='bbox 457 2339 568 2399; x_wconf 89' lang='lat' dir='ltr'>contra</span> <span class='ocrx_word' id='word_1_143' title='bbox 588 2336 728 2398; x_wconf 87' lang='lat' dir='ltr'>Ritterus</span> <span class='ocrx_word' id='word_1_144' title='bbox 750 2334 958 2398; x_wconf 89' lang='lat' dir='ltr'>antecedente</span> <span class='ocrx_word' id='word_1_145' title='bbox 984 2333 1137 2416; x_wconf 85' lang='lat' dir='ltr'>Rupertio</span> <span class='ocrx_word' id='word_1_146' title='bbox 1165 2331 1204 2396; x_wconf 89' lang='lat' dir='ltr'>de</span> <span class='ocrx_word' id='word_1_147' title='bbox 1225 2332 1353 2395; x_wconf 84' lang='lat' dir='ltr'>vocibus</span> 
     </span>
     <span class='ocr_line' id='line_1_19' title="bbox 197 2438 1354 2524; baseline -0.003 -20"><span class='ocrx_word' id='word_1_148' title='bbox 197 2442 295 2524; x_wconf 87' lang='lat' dir='ltr'>,quasi</span> <span class='ocrx_word' id='word_1_149' title='bbox 316 2463 346 2522; x_wconf 89' lang='lat' dir='ltr'>p.</span> <span class='ocrx_word' id='word_1_150' title='bbox 369 2441 408 2504; x_wconf 60' lang='lat' dir='ltr'>df</span> <span class='ocrx_word' id='word_1_151' title='bbox 446 2441 507 2504; x_wconf 88' lang='lat' dir='ltr'>hoo</span> <span class='ocrx_word' id='word_1_152' title='bbox 543 2443 679 2504; x_wconf 88' lang='lat' dir='ltr'>statuere</span> <span class='ocrx_word' id='word_1_153' title='bbox 718 2441 815 2503; x_wconf 92' lang='lat' dir='ltr'>malit.</span> <span class='ocrx_word' id='word_1_154' title='bbox 870 2438 1003 2502; x_wconf 89' lang='lat' dir='ltr'>Orellius</span> <span class='ocrx_word' id='word_1_155' title='bbox 1037 2441 1146 2501; x_wconf 89' lang='lat' dir='ltr'>autem</span> <span class='ocrx_word' id='word_1_156' title='bbox 1184 2440 1354 2519; x_wconf 89' lang='lat' dir='ltr'>utramque</span> 
     </span>
     <span class='ocr_line' id='line_1_20' title="bbox 196 2543 1353 2628; baseline -0.003 -18"><span class='ocrx_word' id='word_1_157' title='bbox 196 2546 454 2624; x_wconf 88' lang='lat' dir='ltr'>enuntiationem,</span> <span class='ocrx_word' id='word_1_158' title='bbox 476 2547 596 2628; x_wconf 89' lang='lat' dir='ltr'>optimo</span> <span class='ocrx_word' id='word_1_159' title='bbox 617 2549 653 2610; x_wconf 94' lang='lat' dir='ltr'>ut</span> <span class='ocrx_word' id='word_1_160' title='bbox 674 2547 797 2610; x_wconf 91' lang='lat' dir='ltr'>videtur</span> <span class='ocrx_word' id='word_1_161' title='bbox 816 2547 892 2623; x_wconf 91' lang='lat' dir='ltr'>iure,</span> <span class='ocrx_word' id='word_1_162' title='bbox 914 2544 1086 2626; x_wconf 86' lang='lat' dir='ltr'>genuinam</span> <span class='ocrx_word' id='word_1_163' title='bbox 1108 2563 1173 2608; x_wconf 87' lang='lat' dir='ltr'>esse</span> <span class='ocrx_word' id='word_1_164' title='bbox 1188 2543 1353 2608; x_wconf 85' lang='lat' dir='ltr'>existimat.</span> 
     </span>
     <span class='ocr_line' id='line_1_21' title="bbox 195 2650 1356 2732; baseline -0.002 -16"><span class='ocrx_word' id='word_1_165' title='bbox 195 2652 296 2716; x_wconf 88' lang='lat' dir='ltr'>Altius</span> <span class='ocrx_word' id='word_1_166' title='bbox 325 2653 505 2716; x_wconf 83' lang='lat' dir='ltr'>examinare</span> <span class='ocrx_word' id='word_1_167' title='bbox 534 2653 640 2716; x_wconf 84' lang='lat' dir='ltr'>locum</span> <span class='ocrx_word' id='word_1_168' title='bbox 671 2671 711 2726; x_wconf 53' lang='lat' dir='ltr'>,eo</span> <span class='ocrx_word' id='word_1_169' title='bbox 738 2653 843 2715; x_wconf 88' lang='lat' dir='ltr'>minus</span> <span class='ocrx_word' id='word_1_170' title='bbox 877 2669 984 2714; x_wconf 90' lang='lat' dir='ltr'>meum</span> <span class='ocrx_word' id='word_1_171' title='bbox 1015 2654 1076 2728; x_wconf 91' lang='lat' dir='ltr'>est,</span> <span class='ocrx_word' id='word_1_172' title='bbox 1112 2665 1182 2732; x_wconf 80' lang='lat' dir='ltr'>quo&#39;</span> <span class='ocrx_word' id='word_1_173' title='bbox 1206 2650 1307 2730; x_wconf 89' lang='lat' dir='ltr'>magis</span> <span class='ocrx_word' id='word_1_174' title='bbox 1336 2669 1356 2714; x_wconf 88' lang='lat' dir='ltr'>a</span> 
     </span>
     <span class='ocr_line' id='line_1_22' title="bbox 152 2755 1354 2839; baseline 0 -20"><span class='ocrx_word' id='word_1_175' title='bbox 152 2811 156 2819; x_wconf 93' lang='lat'>.</span> <span class='ocrx_word' id='word_1_176' title='bbox 194 2758 363 2823; x_wconf 89' lang='lat' dir='ltr'>tractanda</span> <span class='ocrx_word' id='word_1_177' title='bbox 395 2760 527 2823; x_wconf 88' lang='lat' dir='ltr'>materia</span> <span class='ocrx_word' id='word_1_178' title='bbox 558 2758 709 2830; x_wconf 61' lang='lat' dir='ltr'>,abhorret</span> <span class='ocrx_word' id='word_1_179' title='bbox 749 2761 845 2839; x_wconf 86' lang='lat' dir='ltr'>atque</span> <span class='ocrx_word' id='word_1_180' title='bbox 881 2757 912 2821; x_wconf 91' lang='lat' dir='ltr'>id</span> <span class='ocrx_word' id='word_1_181' title='bbox 947 2760 1074 2820; x_wconf 88' lang='lat' dir='ltr'>tanturn</span> <span class='ocrx_word' id='word_1_182' title='bbox 1106 2776 1234 2820; x_wconf 89' lang='lat' dir='ltr'>monere</span> <span class='ocrx_word' id='word_1_183' title='bbox 1270 2755 1354 2832; x_wconf 89' lang='lat' dir='ltr'>libet,</span> 
     </span>
    </p>

    <p class='ocr_par' dir='ltr' id='par_1_4' title="bbox 196 2842 1408 4338">
     <span class='ocr_line' id='line_1_23' title="bbox 196 2842 1408 2945; baseline -0.004 -16"><span class='ocrx_word' id='word_1_184' title='bbox 196 2867 394 2929; x_wconf 87' lang='lat' dir='ltr'>enuntiatum</span> <span class='ocrx_word' id='word_1_185' title='bbox 425 2865 468 2928; x_wconf 88' lang='lat' dir='ltr'>sic</span> <span class='ocrx_word' id='word_1_186' title='bbox 493 2864 569 2927; x_wconf 89' lang='lat' dir='ltr'>mihi</span> <span class='ocrx_word' id='word_1_187' title='bbox 589 2867 808 2945; x_wconf 88' lang='lat' dir='ltr'>comparatum</span> <span class='ocrx_word' id='word_1_188' title='bbox 830 2863 944 2941; x_wconf 86' lang='lat' dir='ltr'>videri,</span> <span class='ocrx_word' id='word_1_189' title='bbox 974 2865 1009 2925; x_wconf 90' lang='lat' dir='ltr'>ut</span> <span class='ocrx_word' id='word_1_190' title='bbox 1038 2863 1248 2945; x_wconf 81' lang='lat' dir='ltr'>respondeant</span> <span class='ocrx_word' id='word_1_191' title='bbox 1276 2862 1357 2928; x_wconf 88' lang='lat' dir='ltr'>inter</span> <span class='ocrx_word' id='word_1_192' title='bbox 1405 2842 1408 2849; x_wconf 37' lang='lat'>¹</span> 
     </span>
     <span class='ocr_line' id='line_1_24' title="bbox 196 2967 1354 3052; baseline -0.004 -16"><span class='ocrx_word' id='word_1_193' title='bbox 196 2993 228 3036; x_wconf 90' lang='lat' dir='ltr'>se</span> <span class='ocrx_word' id='word_1_194' title='bbox 249 2971 393 3036; x_wconf 88' lang='lat' dir='ltr'>membra</span> <span class='ocrx_word' id='word_1_195' title='bbox 416 2972 458 3035; x_wconf 90' lang='lat' dir='ltr'>ab</span> <span class='ocrx_word' id='word_1_196' title='bbox 480 2971 542 3035; x_wconf 86' lang='lat' dir='ltr'>hae</span> <span class='ocrx_word' id='word_1_197' title='bbox 563 2972 653 3052; x_wconf 86' lang='lat' dir='ltr'>parte</span> <span class='ocrx_word' id='word_1_198' title='bbox 674 2974 705 3033; x_wconf 91' lang='lat' dir='ltr'>et</span> <span class='ocrx_word' id='word_1_199' title='bbox 728 2970 960 3048; x_wconf 79' lang='lat' dir='ltr'>,alienationem</span> <span class='ocrx_word' id='word_1_200' title='bbox 980 2970 1093 3032; x_wconf 88' lang='lat' dir='ltr'>mentis</span> <span class='ocrx_word' id='word_1_201' title='bbox 1115 2968 1274 3033; x_wconf 87' lang='lat' dir='ltr'>simulans’</span> <span class='ocrx_word' id='word_1_202' title='bbox 1302 2967 1354 3048; x_wconf 84' lang='lat' dir='ltr'>(sc.</span> 
     </span>
     <span class='ocr_line' id='line_1_25' title="bbox 196 3077 1356 3167; baseline -0.001 -26"><span class='ocrx_word' id='word_1_203' title='bbox 196 3082 232 3141; x_wconf 92' lang='lat' dir='ltr'>ut</span> <span class='ocrx_word' id='word_1_204' title='bbox 253 3077 393 3142; x_wconf 82' lang='lat' dir='ltr'>Caesaris</span> <span class='ocrx_word' id='word_1_205' title='bbox 422 3077 666 3140; x_wconf 89' lang='lat' dir='ltr'>misericordiam</span> <span class='ocrx_word' id='word_1_206' title='bbox 695 3080 907 3141; x_wconf 88' lang='lat' dir='ltr'>commoveret</span> <span class='ocrx_word' id='word_1_207' title='bbox 935 3077 1115 3158; x_wconf 88' lang='lat' dir='ltr'>iniuriisque</span> <span class='ocrx_word' id='word_1_208' title='bbox 1140 3077 1237 3167; x_wconf 31' lang='lat' dir='ltr'>&#39;dictis</span> <span class='ocrx_word' id='word_1_209' title='bbox 1263 3093 1356 3140; x_wconf 83' lang='lat' dir='ltr'>ercu-</span> 
     </span>
     <span class='ocr_line' id='line_1_26' title="bbox 197 3181 1357 3267; baseline 0 -21"><span class='ocrx_word' id='word_1_210' title='bbox 197 3184 352 3248; x_wconf 82' lang='lat' dir='ltr'>sationem</span> <span class='ocrx_word' id='word_1_211' title='bbox 374 3183 537 3267; x_wconf 88' lang='lat' dir='ltr'>quandam</span> <span class='ocrx_word' id='word_1_212' title='bbox 558 3181 699 3264; x_wconf 85' lang='lat' dir='ltr'>adderet)</span> <span class='ocrx_word' id='word_1_213' title='bbox 733 3186 764 3246; x_wconf 88' lang='lat' dir='ltr'>et</span> <span class='ocrx_word' id='word_1_214' title='bbox 791 3183 853 3260; x_wconf 81' lang='lat' dir='ltr'>,ubi</span> <span class='ocrx_word' id='word_1_215' title='bbox 882 3203 990 3267; x_wconf 81' lang='lat' dir='ltr'>exspes</span> <span class='ocrx_word' id='word_1_216' title='bbox 1021 3185 1103 3247; x_wconf 89' lang='lat' dir='ltr'>vitae</span> <span class='ocrx_word' id='word_1_217' title='bbox 1124 3184 1207 3261; x_wconf 90' lang='lat' dir='ltr'>fuit&#39;,</span> <span class='ocrx_word' id='word_1_218' title='bbox 1236 3184 1278 3246; x_wconf 92' lang='lat' dir='ltr'>ab</span> <span class='ocrx_word' id='word_1_219' title='bbox 1304 3181 1357 3246; x_wconf 89' lang='lat' dir='ltr'>illa</span> 
     </span>
     <span class='ocr_line' id='line_1_27' title="bbox 197 3290 1355 3374; baseline -0.003 -19"><span class='ocrx_word' id='word_1_220' title='bbox 197 3295 286 3374; x_wconf 85' lang='lat' dir='ltr'>parte</span> <span class='ocrx_word' id='word_1_221' title='bbox 309 3295 340 3356; x_wconf 91' lang='lat' dir='ltr'>et</span> <span class='ocrx_word' id='word_1_222' title='bbox 363 3293 461 3373; x_wconf 85' lang='lat' dir='ltr'>,quasi</span> <span class='ocrx_word' id='word_1_223' title='bbox 475 3312 505 3372; x_wconf 92' lang='lat' dir='ltr'>p.</span> <span class='ocrx_word' id='word_1_224' title='bbox 519 3290 720 3354; x_wconf 88' lang='lat' dir='ltr'>dementiam’</span> <span class='ocrx_word' id='word_1_225' title='bbox 744 3294 774 3353; x_wconf 90' lang='lat' dir='ltr'>et</span> <span class='ocrx_word' id='word_1_226' title='bbox 791 3290 968 3368; x_wconf 86' lang='lat' dir='ltr'>,meditatas</span> <span class='ocrx_word' id='word_1_227' title='bbox 982 3291 1232 3374; x_wconf 84' lang='lat' dir='ltr'>compositasque</span> <span class='ocrx_word' id='word_1_228' title='bbox 1248 3290 1355 3354; x_wconf 88' lang='lat' dir='ltr'>diras&#39;:</span> 
     </span>
     <span class='ocr_line' id='line_1_28' title="bbox 198 3395 1358 3478; baseline -0.003 -16"><span class='ocrx_word' id='word_1_229' title='bbox 198 3402 336 3462; x_wconf 89' lang='lat' dir='ltr'>celerum</span> <span class='ocrx_word' id='word_1_230' title='bbox 357 3397 465 3460; x_wconf 86' lang='lat' dir='ltr'>libenti</span> <span class='ocrx_word' id='word_1_231' title='bbox 486 3397 593 3460; x_wconf 91' lang='lat' dir='ltr'>animo</span> <span class='ocrx_word' id='word_1_232' title='bbox 622 3398 812 3478; x_wconf 85' lang='lat' dir='ltr'>complector</span> <span class='ocrx_word' id='word_1_233' title='bbox 838 3396 961 3462; x_wconf 86' lang='lat' dir='ltr'>Ottonis</span> <span class='ocrx_word' id='word_1_234' title='bbox 988 3399 1102 3461; x_wconf 90' lang='lat' dir='ltr'>verba:</span> <span class='ocrx_word' id='word_1_235' title='bbox 1133 3398 1174 3475; x_wconf 84' lang='lat' dir='ltr'>,in</span> <span class='ocrx_word' id='word_1_236' title='bbox 1197 3399 1253 3462; x_wconf 90' lang='lat' dir='ltr'>der</span> <span class='ocrx_word' id='word_1_237' title='bbox 1274 3395 1358 3460; x_wconf 90' lang='lat' dir='ltr'>That</span> 
     </span>
     <span class='ocr_line' id='line_1_29' title="bbox 197 3503 1357 3585; baseline -0.003 -15"><span class='ocrx_word' id='word_1_238' title='bbox 197 3507 236 3570; x_wconf 88' lang='lat' dir='ltr'>ist</span> <span class='ocrx_word' id='word_1_239' title='bbox 257 3526 289 3568; x_wconf 90' lang='lat' dir='ltr'>es</span> <span class='ocrx_word' id='word_1_240' title='bbox 311 3504 489 3584; x_wconf 86' lang='lat' dir='ltr'>schwierig,</span> <span class='ocrx_word' id='word_1_241' title='bbox 527 3505 578 3567; x_wconf 89' lang='lat' dir='ltr'>ein</span> <span class='ocrx_word' id='word_1_242' title='bbox 608 3503 776 3567; x_wconf 87' lang='lat' dir='ltr'>sicheres</span> <span class='ocrx_word' id='word_1_243' title='bbox 802 3503 1170 3585; x_wconf 86' lang='lat' dir='ltr'>Verdammungsurtheil</span> <span class='ocrx_word' id='word_1_244' title='bbox 1195 3505 1274 3568; x_wconf 78' lang='lat' dir='ltr'>iiber</span> <span class='ocrx_word' id='word_1_245' title='bbox 1295 3504 1357 3567; x_wconf 90' lang='lat' dir='ltr'>den</span> 
     </span>
     <span class='ocr_line' id='line_1_30' title="bbox 199 3610 1357 3693; baseline -0.003 -17"><span class='ocrx_word' id='word_1_246' title='bbox 199 3613 291 3676; x_wconf 88' lang='lat' dir='ltr'>einen</span> <span class='ocrx_word' id='word_1_247' title='bbox 319 3611 397 3675; x_wconf 90' lang='lat' dir='ltr'>oder</span> <span class='ocrx_word' id='word_1_248' title='bbox 425 3610 566 3674; x_wconf 86' lang='lat' dir='ltr'>anderen</span> <span class='ocrx_word' id='word_1_249' title='bbox 594 3611 665 3676; x_wconf 87' lang='lat' dir='ltr'>Satz</span> <span class='ocrx_word' id='word_1_250' title='bbox 695 3613 964 3693; x_wconf 82' lang='lat' dir='ltr'>auszusprechen&#39;.</span> <span class='ocrx_word' id='word_1_251' title='bbox 1018 3613 1047 3688; x_wconf 87' lang='lat'>5,</span> <span class='ocrx_word' id='word_1_252' title='bbox 1069 3613 1088 3674; x_wconf 88' lang='lat'>5</span> <span class='ocrx_word' id='word_1_253' title='bbox 1125 3611 1247 3675; x_wconf 83' lang='lat' dir='ltr'>libentis</span> <span class='ocrx_word' id='word_1_254' title='bbox 1271 3646 1306 3656; x_wconf 87' lang='lat'><em>-</em></span> <span class='ocrx_word' id='word_1_255' title='bbox 1326 3626 1357 3690; x_wconf 87' lang='lat' dir='ltr'>p.</span> 
     </span>
     <span class='ocr_line' id='line_1_31' title="bbox 200 3715 1359 3799; baseline -0.003 -16"><span class='ocrx_word' id='word_1_256' title='bbox 200 3717 371 3799; x_wconf 77' lang='lat' dir='ltr'>dolumqne</span> <span class='ocrx_word' id='word_1_257' title='bbox 394 3718 624 3783; x_wconf 79' lang='lat' dir='ltr'>comitantibus.</span> <span class='ocrx_word' id='word_1_258' title='bbox 666 3719 812 3797; x_wconf 85' lang='lat' dir='ltr'>n,17,1</span> <span class='ocrx_word' id='word_1_259' title='bbox 844 3720 999 3796; x_wconf 83' lang='lat' dir='ltr'>catervis,</span> <span class='ocrx_word' id='word_1_260' title='bbox 1028 3739 1107 3798; x_wconf 81' lang='lat' dir='ltr'>qnae</span> <span class='ocrx_word' id='word_1_261' title='bbox 1135 3739 1166 3798; x_wconf 86' lang='lat' dir='ltr'>p.</span> <span class='ocrx_word' id='word_1_262' title='bbox 1198 3715 1359 3782; x_wconf 86' lang='lat' dir='ltr'>ferociam</span> 
     </span>
     <span class='ocr_line' id='line_1_32' title="bbox 198 3825 1357 3908; baseline -0.003 -19"><span class='ocrx_word' id='word_1_263' title='bbox 198 3832 428 3907; x_wconf 68' lang='lat' dir='ltr'>preceperant:</span> <span class='ocrx_word' id='word_1_264' title='bbox 448 3826 579 3888; x_wconf 85' lang='lat' dir='ltr'>fortasse</span> <span class='ocrx_word' id='word_1_265' title='bbox 601 3825 766 3890; x_wconf 84' lang='lat' dir='ltr'>causaliter</span> <span class='ocrx_word' id='word_1_266' title='bbox 786 3846 913 3908; x_wconf 89' lang='lat' dir='ltr'>quoque</span> <span class='ocrx_word' id='word_1_267' title='bbox 931 3825 1028 3908; x_wconf 88' lang='lat' dir='ltr'>accipi</span> <span class='ocrx_word' id='word_1_268' title='bbox 1049 3828 1180 3905; x_wconf 87' lang='lat' dir='ltr'>possunt</span> <span class='ocrx_word' id='word_1_269' title='bbox 1194 3825 1357 3888; x_wconf 87' lang='lat' dir='ltr'>vocabula.</span> 
     </span>
     <span class='ocr_line' id='line_1_33' title="bbox 201 3930 1358 4013; baseline -0.003 -15"><span class='ocrx_word' id='word_1_270' title='bbox 201 3933 281 4010; x_wconf 86' lang='lat' dir='ltr'>XIV,</span> <span class='ocrx_word' id='word_1_271' title='bbox 304 3933 375 4010; x_wconf 75' lang='lat' dir='ltr'>5,ss</span> <span class='ocrx_word' id='word_1_272' title='bbox 403 3948 433 4011; x_wconf 83' lang='lat' dir='ltr'>p.</span> <span class='ocrx_word' id='word_1_273' title='bbox 462 3930 620 4013; x_wconf 84' lang='lat' dir='ltr'>gandium</span> <span class='ocrx_word' id='word_1_274' title='bbox 651 3931 851 3997; x_wconf 82' lang='lat' dir='ltr'>memorabat.</span> <span class='ocrx_word' id='word_1_275' title='bbox 905 3933 936 3996; x_wconf 94' lang='lat' dir='ltr'>h.</span> <span class='ocrx_word' id='word_1_276' title='bbox 959 3932 1006 4009; x_wconf 89' lang='lat' dir='ltr'>lll,</span> <span class='ocrx_word' id='word_1_277' title='bbox 1028 3932 1119 4010; x_wconf 85' lang='lat'>57,3</span> <span class='ocrx_word' id='word_1_278' title='bbox 1154 3932 1293 3995; x_wconf 83' lang='lat' dir='ltr'>centnrio</span> <span class='ocrx_word' id='word_1_279' title='bbox 1322 3951 1358 4010; x_wconf 83' lang='lat' dir='ltr'>p.</span> 
     </span>
     <span class='ocr_line' id='line_1_34' title="bbox 199 4035 1359 4122; baseline -0.003 -17"><span class='ocrx_word' id='word_1_280' title='bbox 199 4035 423 4122; x_wconf 81' lang='lat' dir='ltr'>ignominiam</span> <span class='ocrx_word' id='word_1_281' title='bbox 441 4061 461 4102; x_wconf 91' lang='lat' dir='ltr'>a</span> <span class='ocrx_word' id='word_1_282' title='bbox 484 4039 590 4104; x_wconf 79' lang='lat' dir='ltr'>Galba</span> <span class='ocrx_word' id='word_1_283' title='bbox 619 4041 778 4105; x_wconf 85' lang='lat' dir='ltr'>dimissas.</span> <span class='ocrx_word' id='word_1_284' title='bbox 825 4039 876 4117; x_wconf 90' lang='lat' dir='ltr'>IV,</span> <span class='ocrx_word' id='word_1_285' title='bbox 899 4043 927 4116; x_wconf 89' lang='grc'>8,</span> <span class='ocrx_word' id='word_1_286' title='bbox 952 4040 989 4102; x_wconf 86' lang='grc'>13</span> <span class='ocrx_word' id='word_1_287' title='bbox 1021 4041 1188 4104; x_wconf 84' lang='lat' dir='ltr'>saevitiam</span> <span class='ocrx_word' id='word_1_288' title='bbox 1221 4038 1359 4102; x_wconf 81' lang='lat' dir='ltr'>Neronis</span> 
     </span>
     <span class='ocr_line' id='line_1_35' title="bbox 196 4145 1360 4230; baseline -0.002 -18"><span class='ocrx_word' id='word_1_289' title='bbox 196 4167 231 4230; x_wconf 85' lang='lat' dir='ltr'>p.</span> <span class='ocrx_word' id='word_1_290' title='bbox 265 4148 419 4212; x_wconf 88' lang='lat' dir='ltr'>einsmodi</span> <span class='ocrx_word' id='word_1_291' title='bbox 449 4145 613 4228; x_wconf 84' lang='lat' dir='ltr'>imagines</span> <span class='ocrx_word' id='word_1_292' title='bbox 650 4149 819 4220; x_wconf 77' lang='lat' dir='ltr'>ininsis3e3</span> <span class='ocrx_word' id='word_1_293' title='bbox 872 4167 900 4211; x_wconf 93' lang='lat' dir='ltr'>a.</span> <span class='ocrx_word' id='word_1_294' title='bbox 934 4147 1000 4224; x_wconf 88' lang='lat' dir='ltr'>XV,</span> <span class='ocrx_word' id='word_1_295' title='bbox 1028 4147 1077 4224; x_wconf 88' lang='lat'>70,</span> <span class='ocrx_word' id='word_1_296' title='bbox 1109 4149 1128 4210; x_wconf 89' lang='lat'>5</span> <span class='ocrx_word' id='word_1_297' title='bbox 1165 4166 1297 4210; x_wconf 84' lang='lat' dir='ltr'>carmen·</span> <span class='ocrx_word' id='word_1_298' title='bbox 1319 4179 1360 4189; x_wconf 92' lang='lat'><em>-</em></span> 
     </span>
     <span class='ocr_line' id='line_1_36' title="bbox 206 4253 1360 4338; baseline -0.006 -18"><span class='ocrx_word' id='word_1_299' title='bbox 206 4276 267 4338; x_wconf 76' lang='lat' dir='ltr'>ano</span> <span class='ocrx_word' id='word_1_300' title='bbox 282 4290 317 4299; x_wconf 95' lang='lat'>—</span> <span class='ocrx_word' id='word_1_301' title='bbox 334 4256 464 4320; x_wconf 87' lang='lat' dir='ltr'>militem</span> <span class='ocrx_word' id='word_1_302' title='bbox 482 4277 515 4338; x_wconf 84' lang='lat' dir='ltr'>p.</span> <span class='ocrx_word' id='word_1_303' title='bbox 538 4257 692 4321; x_wconf 83' lang='lat' dir='ltr'>eiusmodi</span> <span class='ocrx_word' id='word_1_304' title='bbox 712 4257 824 4320; x_wconf 80' lang='lat' dir='ltr'>montis</span> <span class='ocrx_word' id='word_1_305' title='bbox 847 4256 1014 4336; x_wconf 78' lang='lat' dir='ltr'>inopinam</span> <span class='ocrx_word' id='word_1_306' title='bbox 1036 4254 1137 4318; x_wconf 83' lang='lat' dir='ltr'>obisse</span> <span class='ocrx_word' id='word_1_307' title='bbox 1170 4253 1360 4318; x_wconf 83' lang='lat' dir='ltr'>tradiderat.</span> 
     </span>
    </p>
   </div>
   <div class='ocr_carea' id='block_1_4' title="bbox 0 0 1523 4836">
    <p class='ocr_par' dir='ltr' id='par_1_5' title="bbox 0 0 1523 4836">
     <span class='ocr_line' id='line_1_37' title="bbox 0 0 1523 4836; baseline 0 0"><span class='ocrx_word' id='word_1_308' title='bbox 0 0 1523 4836; x_wconf 95' lang='lat' dir='ltr'> </span> 
     </span>
    </p>
   </div>
  </div>
 </body>
</html>
