3012 4842
260 1869 296 1930 In
316 1866 416 1930 Taciti
437 1866 542 1930 Germ.
565 1887 591 1930 c.
612 1867 794 1949 dioptime
815 1867 858 1929 sic
878 1865 1003 1946 IegItur:
1032 1865 1223 1943 ‘fecundiora
1245 1866 1338 1946 igitur

179 1987 310 2032 nemora
330 1967 706 2049 lucosque-occidentis
726 1967 833 2031 insulis
851 1967 1003 2049 terrisque
1021 1967 1121 2030 inesse
1142 1967 1336 2045 crediderim,

180 2095 244 2156 qua
271 2073 381 2138 sucina
409 2073 481 2137 solis
505 2072 599 2136 radiis
624 2092 769 2154 expressa
799 2077 895 2155 atque
923 2073 1075 2154 liquentia
1100 2073 1133 2137 in
1160 2073 1339 2156 proximum

180 2193 267 2238 mare
290 2173 459 2238 labuntur’.

741 2304 775 2367 II.
955 2355 957 2360 ,

260 2413 295 2477 In
323 2413 397 2477 Tac.
427 2431 502 2476 ann.
538 2411 558 2474 l.
589 2411 667 2490 XIII,
696 2430 721 2475 c.
743 2413 768 2474 ’8
800 2412 844 2476 ita
875 2411 1075 2476 scribendum
1110 2431 1177 2476 esse
1210 2432 1339 2476 censeo:

182 2513 303 2592 ‘additis
324 2512 503 2576 cohortibus
526 2511 658 2594 alisque,
680 2530 762 2593 quae
784 2531 840 2593 per
859 2511 1094 2595 Cappadociam
1115 2511 1318 2576 hiemabant'.

741 2667 790 2731 III.

264 2775 400 2840 IuvenaI.
420 2778 479 2839 sat.
501 2775 523 2853 1,
542 2774 658 2838 v.156:
684 2794 757 2856 ‘qua
777 2777 897 2839 stantes
919 2775 1041 2853 ardent,
1063 2775 1116 2857 qui
1137 2775 1200 2840 tixo
1215 2780 1341 2858 pectore

182 2874 316 2941 fumant’
339 2894 396 2958 pro
418 2875 603 2956 glossemate
626 2874 793 2940 habendus
816 2878 871 2938 est.

739 3031 789 3094 rr.

265 3140 361 3224 Soph.
383 3139 489 3219 unog.
511 3115 544 3202 νζ
563 3159 593 3202 v.
615 3139 675 3202 soa
696 3141 728 3202 et
749 3137 810 3200 roo
834 3137 876 3202 sic
896 3137 1051 3202 scribendi
1071 3141 1161 3202 sunt:

379 3239 439 3300 ἐᾶν
461 3232 658 3300 δ’ὄὶθαπτον
677 3237 731 3298 καὶ
751 3237 834 3317 πρὸς
855 3235 977 3298 οἰωνῶν
997 3236 1098 3317 δέμας

379 3338 432 3399 καὶ
456 3336 538 3418 πρός
557 3339 662 3398 κυνῶν
682 3335 818 3400 ἐδεστὸν
839 3333 991 3400 αἰκισθέν
1011 3334 1143 3400 τ’ἰδεῑν.

742 3492 779 3556 V.

266 3600 411 3664 Tacitum
444 3620 530 3664 anno
565 3600 826 3682 quinquagesimo
854 3600 987 3682 septimo
1014 3620 1043 3682 p.
1071 3599 1145 3664 Chr.
1173 3619 1204 3663 n.
1240 3599 1343 3664 lucem

187 3698 356 3779 aspexisse,
378 3700 634 3764 verisimillimum
656 3699 734 3763 mihi
754 3699 885 3764 videtur.
1019 3785 1021 3790 Ι

740 3854 789 3917 VI.

269 3959 376 4024 Haasii
397 3960 585 4038 sententiae,
613 3980 679 4025 non
707 3979 800 4024 usum
828 3979 893 4024 esse
914 3959 1059 4025 Tacitum
1085 3959 1210 4042 perfecti
1239 3960 1344 4024 formis

187 4060 220 4122 in
242 4059 353 4123 ’erunt'
377 4058 562 4124 exeuntibus
584 4080 641 4142 pro
662 4061 820 4139 aoristico‚
845 4061 901 4125 sed
929 4060 1028 4142 logico
1047 4062 1173 4123 tantum
1195 4060 1343 4142 perfecto,

187 4163 254 4241 ipsa
285 4158 408 4223 dicendi
443 4158 637 4223 consuetudo
673 4159 802 4226 Tacitea
842 4163 997 4243 repugnat
1042 4158 1190 4241 (Reissiffi
1228 4159 1344 4224 VorIes.

188 4277 218 4340 p.
239 4259 301 4322 III
320 4276 395 4323 ann.
419 4255 501 4339 269).
1318 4250 1323 4260 '
